2028 3531
305 254 375 290 400
777 254 981 290 ΙΛΤΤΕΒΑΕ
1015 254 1363 297 ΩυΑυΒιΜΕεΤΒΕε

258 371 496 411 Bohemiae
524 372 705 411 ciuitate
735 374 822 411 tres
851 371 1063 421 capitales
1099 369 1283 415 inimici,
1318 368 1520 408 homines
1563 370 1707 407 tamen
1746 368 1879 408 eccle-

258 436 442 483 siastici,
473 436 735 476 diuturnum
766 438 897 485 atque
928 435 1185 473 intestinum
1217 433 1368 472 odium
1399 433 1627 481 habentes,
1671 444 1767 471 sese
1812 443 1881 472 co—

259 512 349 540 ram
382 501 568 540 seculari
600 501 797 540 ciuitatis
826 499 1007 539 domino
1039 498 1206 537 mutuis
1235 497 1452 548 conuicijs
1495 508 1545 536 ac
1584 496 1718 536 minis
1748 496 1881 547 impe-

258 567 398 605 terent
418 578 468 605 ac
490 566 843 616 proscinderent;
868 563 1077 603 dominus
1098 563 1187 609 ille,
1211 561 1419 613 quamuis
1445 561 1722 608 lutheranus,
1744 572 1881 612 quen-

257 630 357 669 dam
387 642 439 669 ex
470 630 633 670 nostris
662 630 915 675 accerseret,
948 629 1079 678 atque
1110 627 1272 666 obnixe
1303 627 1476 676 rogaret
1520 627 1567 665 ut
1610 625 1882 665 exacerbatis

258 697 302 735 et
329 695 610 746 litigantibus
640 694 898 733 hominibus
926 692 1207 732 concordiam
1237 691 1500 742 persuadere
1519 692 1765 730 conaretur.
1789 690 1883 729 Hoc

259 758 334 798 ille
377 759 556 809 quidem
585 759 694 798 adeo
725 757 953 804 foeliciter,
986 756 1163 796 fauente
1192 755 1383 802 Christo,
1431 756 1620 794 conatus
1648 756 1690 793 et
1731 765 1882 793 conse-

258 826 388 864 cutus
407 827 487 869 est,
511 826 559 863 ut
579 824 730 863 eadem
751 823 875 869 hora,
893 821 1107 872 depositis
1127 820 1250 867 rixis,
1273 831 1384 867 sese,
1403 820 1479 871 qui
1501 819 1670 859 inimici
1692 819 1880 866 fuerant,

258 889 640 939 amplecterentur,
673 888 821 927 illatas
850 886 1039 926 iniurias
1068 885 1154 925 sibi
1185 887 1339 924 mutuo
1381 884 1665 924 remittentes.
1701 883 1884 934 Propter

259 953 378 1004 quod
408 953 529 1004 pacis
559 952 836 999 beneficium,
868 963 957 990 non
988 950 1073 1001 ipsi
1104 950 1250 990 solum
1279 949 1355 1000 qui
1386 948 1658 988 reconciliati
1692 948 1881 995 fuerant,

259 1018 336 1057 sed
365 1017 574 1057 dominus
602 1028 778 1068 quoque
807 1015 1004 1055 ciuitatis
1033 1026 1131 1054 cum
1162 1016 1254 1054 tota
1297 1013 1468 1053 familia
1500 1013 1784 1053 uehementer
1812 1023 1885 1062 ga-

259 1082 363 1130 uisi,
393 1082 613 1129 dicebant,
645 1083 821 1121 nostros
849 1079 1018 1131 Spiritu
1048 1079 1209 1120 Sancto
1238 1079 1345 1119 illuc
1374 1078 1588 1118 adductos
1616 1089 1727 1125 esse,
1758 1088 1809 1117 ac
1837 1087 1884 1116 se

260 1159 453 1198 suasque
483 1147 714 1186 facultates
743 1145 951 1185 Societati
980 1144 1238 1184 offerebant.

339 1212 376 1253 5.
407 1212 489 1251 Hic
518 1211 633 1251 nihil
661 1211 833 1255 attinet,
864 1210 1009 1257 credo,
1041 1209 1185 1249 dicere
1213 1208 1267 1248 de
1298 1208 1505 1248 sereniss.
1542 1206 1756 1258 principis
1786 1217 1885 1246 nos-

261 1277 317 1317 tri
348 1279 360 1301 1
391 1278 557 1325 fauore,
589 1288 678 1328 quo
720 1275 957 1326 collegium
996 1274 1079 1314 hoc
1126 1273 1281 1313 sedulo
1329 1274 1572 1324 promouet.
1622 1271 1732 1311 Nam
1771 1271 1882 1311 Rdo.

262 1342 309 1382 P.
342 1341 608 1393 prouinciali
638 1352 779 1391 nuper
806 1351 984 1380 currum
1014 1339 1149 1387 dedit,
1193 1350 1282 1390 quo
1316 1337 1421 1377 hinc
1464 1337 1711 1388 Augustam
1755 1336 1886 1376 uehe-

261 1408 394 1447 retur.
428 1407 512 1446 Pro
542 1405 708 1445 fabrica
738 1407 889 1444 nostra
918 1415 1095 1456 quoque
1123 1403 1215 1451 800,
1247 1404 1290 1442 et
1318 1402 1372 1441 ad
1403 1401 1662 1452 ampliorem
1709 1399 1881 1451 collegij

261 1471 630 1511 sustentationem
658 1470 737 1510 300
779 1469 974 1509 thaleros
1003 1467 1244 1520 quotannis
1286 1466 1527 1513 addendos,
1571 1465 1710 1505 donec
1752 1476 1885 1505 causa

261 1536 483 1576 redituum
513 1535 826 1586 oybinensium
856 1534 915 1573 sit
935 1533 1156 1581 absoluta,
1193 1544 1219 1572 a
1252 1532 1294 1572 S.
1315 1531 1360 1571 C.
1380 1531 1435 1571 M.
1455 1530 1585 1570 nobis
1613 1529 1883 1581 impetrauit,

261 1612 530 1653 quamquam
560 1600 648 1640 duo
678 1602 900 1651 postrema
929 1598 1106 1649 negotia
1136 1598 1187 1637 R.
1222 1597 1268 1637 P.
1301 1596 1513 1643 Victoria,
1554 1607 1632 1646 pro
1674 1595 1886 1634 consueta

262 1678 343 1706 sua
372 1666 419 1705 in
452 1676 662 1716 pragense
691 1664 928 1715 collegium
957 1662 1172 1702 charitate
1191 1664 1323 1713 atque
1345 1660 1581 1707 industria,
1604 1659 1888 1699 uehementer

262 1730 440 1777 iuuerit,
473 1731 521 1769 ut
550 1740 707 1768 causas
736 1730 912 1767 nostras
941 1727 1055 1778 apud
1103 1726 1145 1767 S.
1179 1725 1224 1766 C.
1257 1726 1330 1773 M..
1375 1725 1507 1764 etiam
1537 1724 1667 1763 nobis
1714 1722 1884 1774 inscijs,

263 1795 498 1846 diligenter
527 1806 654 1845 agere
684 1793 809 1833 solet.
856 1792 1037 1844 [Preces
1062 1793 1265 1843 postulat
1307 1793 1345 1831 et
1380 1788 1626 1841 valedicit]
1668 1788 1836 1838 Pragae
1864 1798 1887 1826 e

261 1872 464 1900 caesareo
494 1858 726 1899 Societatis
756 1859 856 1897 Iesu
884 1857 1072 1908 collegio
1101 1856 1219 1907 apud
1239 1855 1282 1896 S.
1307 1855 1591 1901 Clementem,
1613 1853 1665 1892 25
1694 1851 1886 1903 Augusti

263 1937 381 1965 anno
411 1924 590 1964 Domini
622 1923 738 1963 1561.

370 1990 505 2029 Rdae.
538 1989 584 2029 P.
616 1989 666 2028 V.
700 1987 1043 2039 indignissimus
1071 1987 1119 2026 in
1148 1985 1323 2026 Christo
1352 1985 1486 2024 filius.

1181 2062 1411 2102 HENRICUS
1440 2061 1720 2101 BLYssssMms
1748 2060 1778 2098 ².

1020 2262 1132 2312 549

674 2391 1188 2443 EMMANUEL
1261 2389 1465 2440 GOIS

786 2517 920 2542 EBORA
947 2506 992 2541 26
1019 2515 1199 2542 Aucusri
1230 2504 1319 2540 1561
1346 2504 1370 2540 ³.

265 2635 303 2669 1.
334 2629 566 2669 Sociorum
596 2627 816 2667 valetudo.
855 2627 1005 2665 Obitus
1035 2627 1073 2665 et
1105 2626 1299 2675 elogium
1327 2624 1380 2662 P.
1403 2623 1640 2662 Franci-sci
1667 2621 1890 2670 Enriquez

373 2696 412 2734 et
441 2695 497 2744 fr.
531 2693 730 2733 Simonis
777 2691 989 2739 corderii,
1035 2692 1164 2729 cuius
1190 2701 1357 2739 parens
1381 2700 1463 2738 per
1491 2688 1763 2726 occasionem
1795 2685 1890 2723 lau-

374 2760 521 2798 datur.
543 2780 594 2784 —
610 2761 652 2796 2.
674 2757 795 2796 Pris.
819 2756 968 2794 Nadal
989 2755 1207 2793 adventus
1227 2754 1267 2792 et
1287 2753 1546 2802 infirmitas.
1570 2773 1620 2778 —
1642 2754 1683 2789 3.
1703 2750 1756 2789 Ρ.
1781 2749 1890 2787 Ton-

330 2877 340 2895 ¹
362 2875 630 2914 Ferdinandus,
654 2872 888 2915 imperatoris
912 2871 1023 2903 filius.

329 2931 341 2949 ²³
363 2928 456 2961 Vide
478 2938 513 2970 p.
537 2928 589 2960 67.

329 2983 342 3001 ³
364 2982 416 3014 Ex
440 2982 532 3022 orig.
557 2981 597 3013 in
621 2980 700 3013 cod.
723 2979 822 3011 Lus.
845 2977 905 3018 51,
929 2976 965 3009 ff.
990 2977 1062 3012 207.
1087 2976 1168 3015 20&
1192 2975 1297 3016 prius
1323 2975 1374 3014 77,
1402 2974 1453 3007 79.
1477 2973 1614 3015 Aliqua
1635 2979 1731 3014 quae
1754 2971 1793 3003 in
1815 2969 1889 3011 epi-

269 3035 369 3068 stula
392 3034 589 3073 habentur,
615 3033 716 3066 edita
739 3032 829 3064 sunt
851 3030 950 3072 apud
972 3028 1097 3070 Epist.
1122 3028 1165 3061 P.
1189 3027 1336 3064 Nadal,
1362 3027 1388 3067 I,
1412 3026 1560 3059 soa-803.
