2028 3531
330 292 391 324 1436
798 294 1001 332 Lirrfflun
1028 298 1370 342 Qt5.³.1›z‹i.xn:srmzs

281 409 392 447 lt.¹¹'·S
426 411 468 450 t’.
495 414 634 450 rector
665 415 691 457 ¹,
727 416 866 463 preter
895 415 1158 455 domesticas
1198 416 1524 466 occupationes.
1548 417 1679 455 aliam
1717 428 1891 467 quoque

278 486 364 512 non
411 487 589 525 paruam
636 478 844 528 suscepit,
890 491 976 529 qua
1024 481 1311 520 Ecclesiasten
1343 490 1357 505 ·¹
1408 481 1449 519 in
1497 481 1663 520 scholis
1701 484 1889 520 enarrat.

281 539 372 578 Duo
402 541 735 581 concionatores
768 544 903 582 nostri
943 545 985 584 Ρ.
1020 545 1328 584 Haerniannus
1357 548 1398 585 et
1430 546 1475 585 l'.
1514 546 1641 585 lonas
1669 548 1682 569 ²
1718 547 1761 585 in
1793 557 1894 585 con-

276 604 481 643 cionandi
516 618 694 645 munere
724 607 880 647 diebus
901 609 1135 649 dominicis
1165 613 1203 649 et
1235 610 1372 649 sacris
1406 612 1615 649 strennue
1645 614 1891 653 versantur,

279 680 355 707 nec
389 680 552 718 paruus
572 683 623 709 ex
654 684 802 711 eorum
834 674 1124 713 concionibus
1154 677 1355 724 speratur
1386 676 1577 721 t'ructus;
1613 687 1711 713 nam
1744 677 1893 714 tantus

277 735 339 771 est
372 734 506 773 liuius
550 736 699 786 populj
733 739 998 778 treuerensis
1042 739 1086 778 in
1130 739 1351 779 audiendo
1385 739 1457 777 Dei
1492 740 1623 778 verbo
1654 740 1814 781 feruor.
1848 742 1893 778 ut

278 798 497 838 interdum
528 801 632 839 4000
676 802 903 853 vtriusque
945 816 1077 844 sexus
1107 805 1159 843 ad
1205 804 1433 843 ecclesiam
1479 804 1762 844 conueniant.
1803 804 1894 843 Hoc

278 864 526 903 natiuitatis
558 865 733 905 Domini
766 869 891 914 festo,
916 869 1041 908 multi
1073 869 1237 908 nostris
1258 868 1447 907 confessi
1478 870 1597 915 sunt,
1620 868 1729 919 quin
1757 868 1894 907 inulto

279 929 425 979 plures
470 930 580 969 idem
626 931 899 972 desiderasse
941 933 1162 984 conspecti
1207 936 1326 975 sunt.
1359 932 1395 972 si
1443 945 1494 972 ex
1541 933 1705 972 nostris
1748 933 1894 972 idonei

276 994 413 1045 aliqui
445 996 693 1035 sacerdotes
723 997 909 1037 fuissent
930 998 1005 1048 qui
1028 999 1327 1048 germanicum
1350 1010 1595 1037 sermonem
1620 998 1892 1037 calluissent.

355 1062 393 1099 (5.
428 1060 512 1099 Res
555 1061 893 1101 domesticorum
940 1063 998 1102 ita
1039 1064 1336 1105 moderantur.
1389 1065 1435 1102 ut
1478 1063 1532 1102 ad
1562 1063 1896 1102 obseruationes

277 1125 646 1164 constitutionum
677 1129 718 1165 et
762 1127 1012 1177 regularum
1045 1128 1182 1167 nostri
1215 1127 1404 1177 institutj
1437 1127 1673 1177 diligenter
1702 1127 1896 1166 attenda-

277 1192 362 1230 tur.
394 1192 436 1229 et
481 1191 784 1242 vnusquisque
828 1192 872 1230 in
915 1193 1151 1232 commisso
1195 1193 1279 1232 sibi
1323 1205 1375 1231 ex
1418 1192 1669 1231 obedientia
1718 1204 1896 1231 munere

277 1254 423 1294 studet
454 1266 541 1294 non
589 1256 814 1307 necligens
858 1257 1070 1297 inveniri:
1108 1258 1238 1296 datur
1279 1257 1410 1296 etiam
1454 1269 1600 1307 opera.
1633 1257 1785 1308 utqui
1816 1257 1898 1296 lin-

277 1331 408 1370 guam
440 1319 661 1370 ignorant.
692 1333 787 1360 eam
818 1322 1062 1362 addiscant.
1095 1322 1240 1361 Nostri
1272 1334 1425 1361 omnes
1453 1322 1529 1372 qui
1560 1321 1605 1361 in
1627 1321 1709 1361 hoc
1742 1322 1896 1361 viuunt

278 1384 479 1433 collegio.
526 1385 621 1435 ipso
664 1385 734 1425 die
765 1385 782 1411 Ι)
818 1387 1139 1437 purificationis
1184 1388 1341 1426 Beatae
1390 1387 1550 1426 Mariae
1594 1386 1805 1437 Virginis.
1852 1386 1897 1425 in

278 1451 430 1488 nostro
460 1450 637 1495 sacello.
686 1451 859 1501 publice
894 1454 993 1490 vota
1039 1464 1118 1491 sua
1150 1453 1436 1494 renouarunt.
1471 1451 1520 1492 R.
1555 1452 1599 1490 Ρ.
1635 1451 1894 1502 prouincialj

278 1514 541 1559 celebrante,
575 1527 598 1554 a
637 1528 724 1566 quo
772 1516 937 1567 singulj
989 1528 1157 1556 sacram
1205 1517 1499 1556 eucharistiae
1542 1516 1895 1556 communionem

278 1578 436 1618 deuote
480 1582 781 1630 perceperunt,
828 1583 957 1632 prout
1000 1581 1091 1620 fieri
1137 1582 1262 1625 solet.
1307 1581 1486 1632 quando
1529 1581 1781 1620 scholastici
1821 1593 1898 1631 ap-

280 1643 450 1693 probati
494 1644 802 1684 admittuntur.
840 1645 966 1695 Quod
996 1648 1042 1685 ut
1073 1647 1195 1685 tieret
1222 1658 1273 1685 ex
1306 1646 1351 1685 Ρ.
1386 1645 1647 1696 prouincialj
1694 1645 1898 1695 impetra-

280 1710 379 1747 runt
412 1709 618 1748 nonnulli
649 1710 848 1761 magistri
879 1723 967 1761 quo
997 1711 1143 1750 studia
1175 1711 1424 1750 inchoanda
1456 1710 1657 1750 foelicius
1686 1712 1727 1749 et
1748 1721 1899 1760 synce-

281 1773 374 1812 rius
403 1774 456 1812 ad
488 1774 565 1813 Dei
597 1775 782 1825 gloriam
814 1777 856 1814 et
888 1776 1186 1826 proximorum
1220 1776 1450 1814 vtilitatem
1482 1777 1733 1814 tractarent.

360 1839 395 1876 7.
430 1838 578 1889 Neque
608 1839 679 1878 hic
710 1840 945 1890 praeterire
990 1852 1168 1891 possum
1213 1840 1290 1879 illa
1332 1852 1445 1890 quae
1489 1839 1678 1878 maxime
1721 1839 1773 1878 ad
1822 1839 1897 1878 Dei

280 1903 465 1953 gloriam
510 1905 893 1944 commemoranda
936 1916 1106 1944 censeO.
1141 1905 1239 1944 Erat
1272 1905 1343 1944 hic
1374 1905 1494 1943 faber
1536 1904 1754 1954 aurarius,
1787 1904 1900 1943 inter

282 1969 458 2018 plebeos
502 1981 590 2008 non
635 1970 830 2015 infimus.
875 1971 950 2021 qui
982 1983 1006 2010 a
1036 1971 1221 2010 demone
1268 1971 1464 2021 grauiter
1511 1972 1693 2009 vexatus
1742 1970 1900 2009 inentis

280 2046 435 2083 expers
465 2034 751 2081 reddebatur3
776 2035 847 2074 hic
878 2038 1106 2086 postquam
1140 2035 1259 2074 domi
1281 2047 1387 2074 suae
1410 2035 1481 2074 vni
1504 2047 1556 2074 ex
1578 2034 1742 2074 nostris
1762 2034 1898 2073 animi

281 2098 349 2137 sui
381 2101 547 2137 secreta
591 2099 777 2149 aperuit,
810 2102 850 2138 et
883 2099 1131 2138 venerabile
1176 2099 1339 2139 Christi
1386 2111 1546 2150 corpus
1589 2099 1633 2138 in
1664 2100 1899 2149 conspectu

281 2163 522 2202 amicorum
554 2175 653 2202 cum
687 2176 817 2203 vxore
847 2164 931 2203 sibi
964 2164 1159 2215 grauiter
1188 2166 1317 2203 antea
1347 2164 1514 2203 offensa
1547 2163 1856 2202 reconciliatus
1886 2172 1900 2187 ¹·

282 2228 487 2279 percepit.
522 2229 581 2267 ita
625 2229 911 2269 confirmatus
956 2229 1053 2273 fuit,
1087 2232 1133 2268 ut
1163 2229 1376 2279 pristinos
1421 2229 1535 2268 vitae
1577 2240 1746 2267 errores
1787 2229 1901 2267 dete-

281 2295 485 2335 staretur.
531 2305 581 2332 ac
624 2293 821 2343 corporis
868 2293 1165 2332 valetudinem
1209 2306 1296 2344 qua
1340 2293 1560 2343 impotens
1609 2295 1750 2332 sactus
1792 2294 1898 2337 erat.

281 2360 637 2408 consequeretur.
680 2358 826 2397 Huius
868 2358 1069 2408 exemplo
1112 2358 1317 2397 commoti
1362 2358 1498 2405 ciues,
1546 2360 1721 2397 nostros
1751 2358 1902 2396 Patres

282 2422 335 2461 ad
376 2423 488 2461 alios
532 2423 667 2462 simili
712 2423 963 2462 calamitate
1011 2423 1264 2461 laborantes
1312 2423 1532 2462 interdum
1583 2427 1755 2462 vocant.
1803 2422 1901 2461 Fuit

284 2490 477 2537 preterea
508 2489 722 2536 quaedam
766 2491 965 2528 matrona
1010 2488 1209 2529 honesta.
1241 2500 1354 2538 quae
1385 2488 1549 2527 nostris
1594 2499 1796 2537 magnam
1831 2499 1902 2537 pe-

283 2553 515 2591 cuniarum
564 2565 781 2592 summam
831 2553 1101 2604 pauperibus
1144 2553 1493 2592 distribuendam
1543 2553 1739 2607 obtulit„
1769 2563 1901 2602 quam

283 2620 536 2657 constanter
581 2621 853 2665 recusarunt,
900 2621 991 2657 tum
1022 2618 1138 2667 quod
1183 2618 1235 2656 de
1267 2618 1465 2668 pecuniis
1509 2618 1599 2656 illis
1642 2617 1755 2656 nihil
1797 2616 1901 2655 certi

346 2782 360 2798 ιι
392 2775 475 2813 seq.
504 2782 535 2805 Γ.
558 2782 727 2813 prorsus
752 2773 1013 2803 oltle'teralnm.
1052 2790 1090 2793 —
1116 2771 1132 2797 b
1153 2771 1235 2802 (liae
1274 2780 1342 2802 ms:
1379 2789 1417 2792 —
1441 2781 1454 2795 ε’
1481 2770 1636 2802 limena.
1671 2779 1718 2801 ea·
1745 2769 1903 2801 reconsi-

285 2827 410 2858 liatus.

348 2973 354 2989 ¹
382 2971 417 3002 P.
444 2970 628 3002 Antonius
653 2970 783 3002 Vinck.
804 2969 922 3009 Hujus
947 2967 1124 2999 iudicium
1150 2967 1194 2999 de
1217 2966 1361 3007 collegii
1380 2967 1510 2998 incolis
1528 2967 1610 2998 vide
1628 2966 1680 2996 sis
1697 2964 1793 3005 apud
1814 2964 1905 2995 Lai-

287 3024 346 3055 m'v'
370 3024 543 3056 Monam.
568 3024 609 3056 V.
634 3024 695 3055 369
717 3032 796 3064 sqq.

348 3081 359 3097 ’ν’
384 3078 446 3110 ΡΡ.
475 3078 680 3109 Hei-manns
703 3076 895 3117 Thyraeus
918 3076 953 3106 et
980 3075 1084 3106 lonas
1113 3073 1232 3104 Adler.
