2028 3531
339 261 408 297 502
430 269 490 297 1³1⁸.
519 283 561 287 —
589 261 786 298 REGULAE
813 260 1182 297 Senomsmcomm
1211 259 1521 296 TaniannsiuM
1637 262 1706 297 0207

119 380 333 420 hortetur.
367 379 579 420 Omnium
608 380 824 420 librorum
855 379 1021 430 quibus
1051 379 1181 418 initio
1211 379 1462 418 studiorum
1498 380 1753 430 egebamus.

118 445 432 485 liberalissime
461 446 635 496 copiam
666 445 797 485 nobis
827 446 1038 484 fecerunt.
1083 444 1161 496 [De
1192 446 1492 484 benevolentia
1524 459 1576 485 ex
1610 449 1754 485 sacris

119 514 167 550 in
211 513 411 551 aliorum
455 513 632 563 templis
672 513 880 562 peractis,
926 514 965 550 et
1010 512 1059 550 de
1095 511 1290 550 aedibus.
1346 512 1449 550 Vide
1494 524 1595 561 pay.
1646 511 1751 563 1671.

118 575 316 615 Treuiris
336 588 388 615 ex
409 576 599 627 collegio
629 576 863 616 Societatis
891 576 944 614 26
973 575 1142 626 Aprilis
1171 587 1291 614 anno
1323 576 1439 615 1561.
1464 575 1526 614 Ex
1547 576 1754 615 commis-

117 640 242 680 sione
273 641 418 681 Patris
450 641 661 681 Hectoris.

1037 713 1298 752 BALDmxus
1330 723 1387 752 AB
1418 713 1603 752 AxGELo
1635 715 1642 736 1

222 803 519 841 Desideratur
547 803 799 852 inscriptio.

222 868 329 906 Alia
360 880 501 906 manu
530 869 578 906 in
609 880 754 918 marry.
789 866 965 907 Treuer.
995 867 1047 906 ⁹26
1078 867 1246 918 Aprilis
1279 868 1394 906 1561.

840 1114 952 1164 502
970 1110 1027 1138 ”⁵⁵

115 1274 444 1325 REGULAE
487 1274 1121 1325 SCI-IOLASTICORUM
1172 1275 1688 1325 TREVIRENSIUM
1719 1271 1750 1327 ².

195 1444 230 1483 1.
264 1443 332 1482 Ad
363 1443 529 1482 bonum
561 1443 866 1483 studiosorum
896 1445 938 1483 et
967 1443 1286 1483 Vniuersitatis
1317 1445 1483 1484 statum
1533 1444 1752 1495 pertinere

113 1508 288 1548 videtur
318 1510 364 1548 vt
392 1508 582 1559 quilibet
611 1508 843 1548 studiosus
872 1509 1086 1549 lectiones
1135 1510 1415 1560 frequentare
1447 1510 1616 1557 volens.
1654 1522 1753 1549 exa-

112 1573 219 1625 minj
252 1574 503 1613 studIOrum
536 1574 716 1625 prefecti
746 1586 793 1613 se
822 1574 1048 1625 subijciat,
1081 1575 1137 1614 ab
1169 1586 1309 1626 eoque
1332 1574 1517 1615 inscribi
1541 1575 1749 1626 postulet,

115 1650 165 1678 ex
194 1639 323 1678 cuius
353 1639 538 1679 arbitrio
568 1651 644 1679 eas
673 1639 823 1679 audiet
854 1640 1084 1683 lectiones.
1117 1652 1231 1691 quae
1265 1640 1303 1680 ei
1334 1640 1633 1692 praescriptae
1664 1641 1753 1680 fue-

113 1704 216 1749 rint.
248 1716 299 1743 ac
327 1704 623 1744 habitationis
665 1705 848 1744 domum
892 1705 1171 1753 indicabunt,
1217 1705 1350 1745 etiam
1381 1706 1561 1757 quando
1604 1717 1657 1745 ex
1687 1706 1752 1745 eis

111 1770 168 1809 ad
197 1769 310 1809 alias
350 1770 620 1821 migrabunt.

190 1835 228 1875 2.
263 1836 566 1876 Determinato
596 1849 620 1875 a
652 1838 905 1887 preceptore
936 1838 1132 1887 tempore
1163 1837 1393 1876 Rectorem
1433 1837 1751 1876 Vniuersitatis

110 1902 362 1948 conueniet.
412 1904 453 1941 et
484 1902 540 1941 ab
579 1913 630 1941 eo
662 1901 923 1941 matriculae
966 1902 1230 1945 ascribatur.
1278 1915 1366 1954 quo
1407 1902 1667 1953 preuilegijS
1710 1904 1751 1942 et

110 1967 408 2018 prerogatiuis
438 1968 630 2018 gaudere
661 1967 816 2018 possit.

189 2034 228 2072 3.
262 2033 430 2073 Diebus
459 2033 654 2084 singulis
686 2033 848 2072 missae
877 2033 1096 2073 sacrificio
1126 2034 1349 2075 intersint.
1382 2045 1433 2073 ac
1462 2034 1632 2073 feriatis
1662 2034 1752 2073 die-

111 2098 195 2137 bus
224 2110 374 2137 sacras
403 2099 641 2138 conciones
671 2099 717 2137 in
750 2098 943 2137 Ecclesia
974 2101 1015 2138 et
1044 2099 1387 2149 explicationem
1432 2099 1664 2150 Euangelij
1704 2099 1751 2138 in

110 2163 277 2203 scholis
307 2164 505 2209 audient.
537 2166 579 2203 et
610 2164 781 2215 reliqua
812 2164 991 2214 pietatis
1020 2166 1062 2204 et
1091 2164 1323 2215 religionis
1344 2165 1615 2204 christianae
1632 2177 1752 2204 exer-

110 2229 212 2268 citia
244 2241 326 2268 suo
356 2231 553 2279 tempore
582 2229 906 2280 adimplebunt.

189 2295 227 2334 4.
261 2295 393 2334 Nulla
424 2296 689 2343 iuramenta,
723 2307 801 2335 nec
832 2296 1037 2341 iniurias.
1088 2301 1165 2336 aut
1200 2296 1319 2336 rixas
1368 2297 1436 2337 vel
1472 2297 1579 2348 quid
1624 2297 1750 2336 inho-

109 2363 283 2401 nestum
316 2364 393 2401 aut
423 2361 692 2401 dissolutum
724 2361 771 2400 in
800 2362 968 2401 scholis
997 2363 1040 2401 et
1069 2364 1192 2401 extra
1222 2363 1401 2402 scholas
1430 2364 1710 2402 exercebunt.

174 2529 181 2546 ¹
207 2528 301 2560 Vide
329 2538 363 2569 p.
392 2528 462 2566 167,
489 2528 617 2560 annot.
644 2529 672 2560 1.

171 2583 183 2600 ὓ
206 2581 258 2613 Ex
282 2590 407 2622 apogr.
434 2590 569 2613 coaevo
603 2581 642 2613 in
667 2581 745 2614 cod.
775 2581 904 2614 Germ.
931 2582 1015 2620 142,
1040 2582 1064 2614 f.
1100 2583 1183 2616 253:
1209 2583 1314 2624 prius
1340 2583 1399 2615 196
1432 2583 1562 2624 (182³)
1596 2582 1673 2614 Has
1697 2592 1749 2615 re-

109 2635 217 2675 gulas
255 2634 444 2676 significat
468 2634 506 2667 P.
531 2634 651 2667 Vinck
676 2635 715 2666 in
750 2635 859 2677 epist.
885 2636 944 2667 (lie
982 2636 1021 2667 27
1053 2635 1191 2677 Aprilis
1230 2637 1306 2668 1561
1340 2637 1439 2675 data,
1476 2645 1559 2668 cum
1583 2636 1675 2668 dicit.
1709 2645 1748 2668 se

108 2688 257 2720 illarum
295 2687 552 2729 apographum
586 2688 739 2720 Romam
778 2689 937 2721 mittere.
964 2689 1118 2721 Easdem
1156 2690 1385 2730 elegantiore
1419 2690 1506 2721 stilo
1540 2689 1642 2721 effert
1666 2688 1749 2721 Sac—

108 2741 245 2774 chinus
268 2741 435 2783 (Histor.
462 2741 546 2773 Soc.
570 2741 678 2775 desa.
705 2743 801 2783 part.
827 2742 871 2775 II.
897 2742 920 2774 l.
947 2742 988 2776 V.
1015 2752 1051 2775 n.
1078 2743 1162 2781 173),
1189 2752 1232 2775 ex
1271 2752 1345 2784 quo
1377 2752 1441 2775 eas
1472 2744 1668 2775 mutuatus
1691 2744 1749 2775 est

108 2795 343 2837 Reiffenberg
366 2794 531 2836 (Histor.
556 2794 641 2828 Soc.
666 2795 762 2828 Jesn
799 2796 854 2828 ad
894 2796 1073 2828 Rhenum
1113 2796 1358 2837 inferiorem,
1388 2797 1451 2828 lib.
1477 2796 1537 2836 lv,
1562 2806 1641 2837 cap.
1668 2796 1746 2837 III).

109 2848 179 2888 Qui
203 2849 329 2881 tamen
352 2849 523 2881 auctores
546 2848 740 2888 falluntur.
766 2849 855 2881 dum
892 2849 1063 2881 scribunt
1087 2849 1156 2882 has
1183 2850 1332 2891 regulas
1356 2849 1486 2882 affixas
1509 2859 1590 2882 esse
1613 2850 1653 2882 in
1676 2850 1749 2891 pri-

108 2911 168 2934 ma
205 2902 415 2934 studiorum
450 2902 738 2942 instauratione,
763 2912 847 2935 cum
884 2912 928 2934 ex
968 2903 1104 2935 litteris
1134 2904 1474 2945 quadrimestribus
1498 2904 1603 2936 etex
1625 2903 1747 2936 Patris

106 2955 258 2989 Vinckii
282 2956 445 2997 epistula
469 2957 646 2997 appareat
670 2965 732 2988 eas
757 2957 796 2988 in
820 2957 938 2988 altera
962 2956 1106 2990 affixas.
1132 2957 1282 2989 Iuvabit
1302 2966 1365 2989 eas
1389 2966 1473 2989 cum
1490 2957 1745 2999 praescriptis,

107 3017 204 3050 quae
227 3007 415 3041 habentur
451 3009 491 3040 in
533 3008 890 3041 Constitutionibus
929 3012 1012 3042 Nnc.
1037 3009 1141 3048 Iesu,
1167 3011 1262 3051 part.
1288 3009 1348 3049 IV,
1374 3018 1454 3051 cap.
1481 3010 1520 3042 16
1542 3011 1578 3042 et
1602 3011 1640 3042 17
1664 3019 1748 3042 con-

107 3061 213 3094 ferre.
