2028 3531
591 261 670 297 473.
703 283 746 286 κ-
773 262 959 297 ΒιιιοΜο
990 262 1030 296 13
1061 261 1250 298 IANUARH
1282 262 1367 297 1561
1709 264 1755 299 73

163 379 399 429 episcopus
429 380 692 420 excessisset
721 393 743 420 e
776 381 864 420 vila
898 383 925 425 1,
957 382 1109 421 eadem
1147 384 1293 421 tamen
1336 382 1444 421 illud
1485 383 1802 423 canonicorum

162 443 399 493 collegium
432 444 477 483 in
509 457 589 484 nos
621 445 815 486 vidimus
845 447 985 485 fuisse
1014 446 1343 493 beneuolentia‚
1376 459 1464 498 qua
1509 449 1651 486 fuerat
1695 448 1802 487 dum

161 509 349 548 antistes
379 510 561 550 viueret.
596 511 768 550 Etenim
799 511 894 562 pari
924 512 1131 552 comitate
1160 524 1210 551 ac
1241 512 1545 551 familiaritate
1570 514 1801 552 oraturum

162 574 347 624 excepit,
380 578 580 615 orantem
628 576 819 623 audiuit,
851 577 1024 616 dicendi
1073 589 1254 617 munere
1298 578 1579 628 perfunctum
1615 578 1800 617 dimisit.

162 638 244 690 Quj
278 640 413 680 huius
443 641 605 688 scolae,
638 644 834 693 quotque
864 642 954 681 sint
985 642 1181 689 ordines,
1214 655 1328 694 quos
1359 643 1403 681 in
1435 643 1629 693 singulis
1675 644 1802 693 proti-

161 706 334 744 teamur
362 705 601 756 scriptores
629 718 680 745 ex
712 707 871 746 horum
907 707 1107 746 omnium
1152 708 1499 759 exemplaribus,
1532 720 1646 759 quae
1676 708 1730 747 ad
1762 709 1803 746 te

162 770 421 819 perferenda
451 771 725 814 curauimust
758 784 1024 824 cognoscere
1057 774 1220 824 poteris
1251 775 1279 813 2.

240 835 278 874 4.
313 835 440 875 Nunc
469 836 523 875 ad
557 837 753 886 preclara
797 838 909 877 facta
953 837 1183 877 Guillelmi
1226 839 1470 881 Pratensis.
1503 838 1587 877 viri
1620 841 1712 878 tum
1749 839 1801 877 de

163 900 313 950 probis
342 901 567 942 omnibus.
600 904 693 941 tum
726 903 778 941 de
809 904 951 945 nobis.
984 903 1105 943 hisce
1136 904 1431 954 temporibus,
1464 916 1597 954 quam
1638 904 1803 954 optime

163 965 320 1005 meriti.
359 966 398 1004 ls
427 966 545 1005 enim
578 968 774 1006 nominis
804 980 853 1007 ac
878 968 1079 1018 ,instituti
1113 970 1253 1008 nostri
1286 969 1530 1008 acerrimus
1573 969 1801 1020 propulsa-

161 1032 230 1069 tor
260 1030 357 1073 fuit.
390 1032 604 1071 affinibus
635 1045 683 1071 ac
716 1034 939 1084 plerisque
961 1034 1063 1073 aliis
1084 1035 1446 1074 aduersantibus.
1479 1034 1593 1073 Dum
1619 1035 1800 1074 viueret.

161 1095 361 1136 Lutetiae
390 1100 432 1136 et
462 1098 577 1148 apud
612 1099 840 1138 Aruernos
873 1100 1038 1139 uostris
1067 1100 1345 1140 domicilium
1393 1103 1688 1151 sumptusque
1732 1111 1804 1139 su-

162 1161 401 1212 peditabat.
428 1163 477 1201 Et
504 1166 549 1202 ut
571 1176 670 1203 eum
703 1167 878 1213 natura,
902 1167 1036 1215 atque
1057 1165 1166 1204 adeo
1188 1177 1426 1216 supremus
1450 1166 1582 1207 Deus.
1608 1165 1800 1215 pietatis,

160 1227 444 1267 liberalitatis
473 1240 523 1267 ac
552 1229 840 1269 demissionis
869 1231 1007 1269 animi
1038 1231 1315 1270 ornamentis
1343 1231 1659 1270 honestauerat
1682 1238 1715 1277 ἃ,
1739 1230 1802 1269 sic

159 1304 258 1332 cum
292 1292 491 1333 Lutetiae
520 1295 759 1345 quomdam
796 1296 915 1346 apud
946 1299 1122 1335 nostros
1161 1299 1365 1336 coenaret
1390 1296 1430 1335 b:
1467 1313 1486 1329 «
1510 1296 1585 1347 filij
1622 1295 1802 1347 (inquit)

161 1358 270 1397 mihi
314 1359 422 1398 estis
465 1360 736 1409 charissimi,
772 1374 927 1413 meque
973 1364 1136 1412 patrem
1183 1362 1380 1401 vicissim
1424 1363 1556 1401 vestri
1600 1362 1801 1401 omnium

162 1426 370 1474 protiteor
399 1425 784 1466 amantissimum:
822 1429 977 1466 fratres
1021 1428 1129 1467 mihi
1175 1428 1283 1467 estis
1327 1428 1490 1470 intimi.
1524 1440 1591 1467 me
1625 1439 1802 1478 quoque

161 1489 337 1528 fratrem
375 1490 500 1529 vobis
530 1502 626 1530 esse
656 1495 759 1542 opto
782 1510 818 1531 ».
854 1493 983 1543 Apud
1018 1493 1245 1532 Aruernos
1271 1494 1437 1543 primas
1457 1493 1681 1532 tribuebat
1704 1503 1802 1531 nos—

160 1555 263 1594 tris:
298 1556 541 1596 familiares
572 1558 790 1597 nobilium
822 1571 1104 1610 (engressus.
1128 1559 1319 1598 adeunte
1345 1559 1498 1610 aliquo
1529 1560 1799 1597 nostrorum.

159 1620 437 1663 dimittebat:
486 1625 737 1662 nostrorum
784 1625 1119 1663 commendabat
1171 1625 1492 1665 eruditionem:
1539 1624 1576 1663 si
1621 1623 1801 1674 quando

159 1686 338 1737 dialogo
370 1688 439 1727 uel
472 1691 687 1738 poemate.
720 1702 854 1739 opera
885 1693 1137 1729 nostrorum
1171 1690 1363 1729 alicuius
1403 1690 1655 1740 conscripto
1676 1697 1706 1733 s,
1740 1700 1801 1727 re-

158 1752 402 1801 creabatur,
437 1753 478 1792 id
511 1754 577 1793 illi
608 1757 702 1794 erat
745 1755 1137 1795 iucundissimum.
1175 1756 1493 1795 Pronunciauit
1540 1766 1670 1805 saepe
1714 1753 1799 1793 sibi

159 1816 243 1867 ipsi
277 1818 425 1868 potius
455 1821 705 1859 necessaria
735 1821 1075 1872 denegaturum.
1108 1833 1242 1873 quam
1273 1821 1618 1860 commissurum
1654 1822 1701 1860 ut
1731 1832 1799 1858 ca-

160 1893 356 1922 reremus
387 1896 585 1935 unquam
615 1886 748 1925 rebus
778 1886 832 1924 ad
868 1886 1028 1925 victum
1062 1887 1321 1938 (fultumque
1352 1886 1472 1926 uitae
1516 1885 1795 1925 necessariis.

159 1947 220 1987 Ea
239 1947 256 1973 ‘¹
289 1948 369 1988 fuit
416 1949 531 1989 inter
573 1963 788 1991 aruernos
832 1955 1102 1992 nostrorum.
1135 1964 1186 1991 eo
1228 1952 1420 1992 viuente.
1454 1951 1719 1998 authoritas,
1755 1953 1798 1990 ut

159 2013 338 2053 foelices
371 2016 689 2066 propemodum
721 2017 993 2057 haberentur
1023 2018 1088 2056 illi
1121 2018 1237 2068 apud
1270 2029 1384 2068 quos
1413 2017 1554 2056 nostri
1599 2018 1796 2067 agerent.

157 2079 323 2130 quique
354 2083 536 2130 possent
566 2081 745 2122 illorum
779 2083 840 2122 uti
873 2095 1020 2133 opera.
1058 2083 1104 2122 ln
1141 2083 1222 2122 hac
1267 2082 1457 2122 dioecesi
1501 2081 1800 2121 sacerdotium

159 2145 312 2185 nullus
341 2149 444 2185 ante
475 2146 633 2188 inibat.
656 2160 788 2199 quam
822 2149 1037 2188 iudicium
1065 2149 1261 2188 subisset
1281 2160 1605 2200 censuramque
1627 2150 1799 2187 nostro—

158 2223 271 2250 rum.
296 2211 464 2251 Omitto
486 2213 633 2253 scolae
655 2217 833 2253 nostrae
854 2215 1124 2254 eruditionis
1144 2215 1462 2266 doctrinaeque
1483 2215 1647 2253 tamam
1669 2213 1800 2263 longe

158 2277 333 2328 lateque
376 2282 680 2330 propagatam.
717 2280 847 2328 Haec,
884 2281 932 2320 R.
966 2281 1028 2326 P„
1060 2281 1281 2332 longeque
1327 2280 1455 2331 plura
1493 2291 1650 2319 sumus
1684 2290 1800 2318 com·

160 2342 287 2381 moda
331 2345 597 2394 consequuti
641 2358 692 2384 ex
744 2345 880 2385 buius
926 2346 1164 2386 clarissimi
1215 2346 1297 2385 viri
1347 2345 1628 2386 liberalitate.
1678 2344 1799 2395 Quae

156 2410 325 2459 quanto
357 2409 499 2460 magis
521 2418 536 2435 ‘¹
566 2411 749 2451 diuinae
780 2411 1088 2462 prouidentiae
1117 2411 1398 2455 confidimus,
1421 2413 1547 2451 tanto
1569 2411 1719 2450 minus
1748 2422 1799 2449 eo

158 2476 334 2514 mortuo
364 2477 574 2525 putamus
603 2477 799 2517 extincta
826 2477 849 2516 s.
889 2478 928 2517 [s
957 2478 1095 2529 igitur
1137 2490 1239 2517 cum
1279 2477 1447 2517 morbis
1476 2477 1721 2516 obnoxium
1752 2488 1799 2515 se

158 2538 340 2585 videret,
372 2542 413 2579 et
444 2541 627 2591 perinde
656 2554 886 2582 excessum
918 2555 941 2582 e
972 2543 1065 2582 uita
1097 2555 1184 2582 non
1217 2543 1352 2594 longo
1387 2542 1600 2593 temporis
1643 2542 1798 2581 abesse

157 2604 410 2651 interuallo,
434 2606 570 2657 inque
592 2619 736 2646 rerum
768 2608 997 2647 affluentia
1029 2609 1346 2648 constitutum:
1379 2619 1569 2659 cumque
1590 2619 1798 2658 supremo

217 2774 237 2792 a
257 2765 419 2798 Ememl.
444 2776 491 2798 er
514 2767 821 2800 honnestauerat.
846 2788 885 2790 —
911 2769 927 2795 b
949 2770 1122 2801 coenaret
1138 2779 1263 2810 supra
1287 2778 1389 2802 vers.
1407 2788 1445 2791 -—
1463 2778 1477 2796 c
1498 2768 1710 2809 conscripto
1733 2777 1799 2799 su»

153 2829 232 2861 pra
257 2829 356 2852 vers.
383 2840 420 2842 —
444 2821 460 2847 ⁴¹
488 2821 535 2852 Ea
558 2831 683 2862 supra
713 2831 824 2855 vers..
845 2823 918 2854 del.
938 2823 979 2854 A.
1006 2842 1045 2845 —
1069 2831 1084 2849 e
1107 2823 1227 2864 magis
1252 2831 1377 2863 supra
1406 2831 1505 2854 vers.
1532 2841 1571 2844 —
1596 2822 1608 2848 f
1635 2821 1795 2853 Emend.

156 2882 204 2905 ατ
225 2874 442 2906 extinctam.

220 3014 228 3030 ¹
253 3012 355 3044 Obiit.
378 3012 585 3045 Guilelmus
609 3014 657 3046 du
683 3014 770 3046 Prat
793 3015 853 3045 die
876 3015 972 3046 22-23
995 3014 1165 3046 Octobris
1193 3015 1283 3046 1560.

219 3068 231 3084 ²³
254 3065 352 3097 Haec
375 3066 541 3107 exempla
567 3075 640 3098 non
665 3067 841 3099 vidimus.
