2028 3531
517 266 599 302 617.
626 287 668 293 -—
697 266 881 303 Nmpom
909 267 952 303 15
980 267 1172 304 IANUARH
1201 267 1291 303 156Q
1602 265 1670 301 7⁴27

165 385 228 425 18.
261 384 446 424 Muchos
475 385 528 424 (16
558 385 625 425 los
654 398 740 437 que
769 398 852 425 nos
881 386 1029 426 tienen
1060 398 1198 434 amor,
1231 385 1355 426 eston
1395 397 1501 436 muy
1530 385 1716 435 alegres,

83 450 246 490 viendo
275 450 343 490 las
372 461 499 489 cosas
528 451 581 490 de
611 450 653 490 la
684 451 857 502 Comp.a
894 464 979 491 van
1009 452 1185 502 sienpre
1223 451 1328 503 aqui
1371 462 1426 490 en
1461 451 1716 500 augmento,

82 528 111 568 y
139 527 325 568 esperan
355 527 441 567 que
470 515 569 555 scra
597 516 786 567 siempre
817 529 982 569 mayor.
1018 517 1226 569 [Precum
1250 514 1533 568 postulatio]
1556 515 1619 554 De
1641 514 1720 569 Qa-

81 592 242 633 ragoca
272 580 322 620 12
350 580 404 620 (16
434 580 608 620 Henero
640 581 756 621 1562.
790 582 840 621 D.
873 582 924 622 V.
958 581 1051 621 P.ad
1092 581 1185 633 hijo
1215 594 1242 633 y
1276 581 1423 621 sieruo
1442 580 1643 632 yndigno
1664 591 1719 619 en

83 646 123 686 61
152 645 252 687 S.⁰r.
284 646 371 686 Por
398 645 685 686 commission
717 647 787 686 (161
818 647 887 687 Ρ.θ
919 649 1109 687 maestro
1140 646 1328 694 Roman,
1362 646 1520 685 Rector
1540 652 1572 685 a.

1084 735 1329 775 BERNARDO
1359 733 1550 775 CRESPI'N
1581 735 1610 774 ¹.

853 939 952 987 617

510 1079 863 1129 PETRUS
925 1079 1291 1130 BLANCA

582 1229 759 1254 NEAPOLI
788 1218 830 1254 15
857 1229 1047 1255 IANUARII
1076 1218 1167 1254 1562
1192 1218 1217 1254 2.

83 1344 121 1379 1.
152 1339 387 1380 Sociorum
407 1352 626 1379 numerus
655 1340 695 1378 et
725 1340 1011 1378 mutationes.
1035 1340 1264 1389 Religiosa
1287 1339 1529 1389 disciplina
1559 1338 1720 1377 adhor-

191 1406 437 1445 tationibus
464 1406 624 1445 Patris
653 1406 840 1444 rectoris
870 1406 908 1444 et
938 1406 1094 1444 Patris
1124 1405 1425 1444 Ribadeneira
1453 1405 1644 1454 fovetur.
1669 1426 1720 1430 —

191 1476 233 1511 2.
263 1472 482 1522 Exempla
524 1471 710 1510 demissi
753 1473 898 1510 animi
933 1471 984 1509 ab
1019 1471 1200 1510 emerito
1245 1472 1412 1509 rectore
1442 1470 1564 1509 data.
1596 1491 1647 1496 —
1678 1473 1719 1508 3.

190 1538 318 1576 Mors
346 1538 404 1587 fr.
437 1537 652 1576 [oachim.
685 1537 778 1575 Pro
813 1549 859 1575 eo
894 1537 1058 1586 septem
1103 1537 1271 1575 tirones
1315 1536 1637 1574 admittuntur.
1669 1557 1720 1561 —

189 1607 284 1642 4-5.
315 1601 613 1642 Scholasticae
628 1603 980 1650 exercitationes,
1004 1603 1097 1641 tam
1116 1603 1392 1649 nostrorum,
1416 1613 1552 1651 quam
1581 1601 1722 1640 exter-

191 1681 358 1708 norum
387 1669 697 1707 alumnorum.
730 1669 799 1707 Eoc
830 1681 1023 1718 quorum
1053 1668 1166 1706 bona
1195 1668 1455 1706 educatione
1486 1666 1721 1706 Societatis

191 1735 468 1773 existimatio
493 1736 541 1773 in
573 1734 666 1773 dies
692 1734 861 1773 crescit.
894 1756 945 1760 —
974 1737 1015 1772 6.
1046 1733 1309 1772 Ministeria
1337 1744 1445 1783 erga
1472 1733 1719 1782 proximos.

190 1800 353 1839 Multis
382 1800 527 1838 modis
556 1800 596 1838 et
625 1801 770 1838 variis
799 1801 848 1838 in
878 1800 984 1838 locis
1006 1800 1257 1837 christiana
1287 1799 1494 1837 doctrina
1523 1798 1718 1837 docetur.

191 1887 242 1892 —
274 1869 364 1904 7-9.
392 1866 593 1904 Fructus
609 1866 825 1915 exemplis
843 1865 1194 1903 demonstratur.
1214 1886 1264 1890 —
1281 1867 1351 1902 10.
1373 1864 1541 1914 Templi
1572 1863 1722 1913 aedifi—

193 1932 307 1971 catio
336 1931 563 1982 paulatim
588 1931 837 1981 perficitur.
868 1954 919 1956 —
938 1935 1002 1970 11.
1032 1931 1281 1969 Procerum
1310 1931 1350 1969 et
1364 1930 1525 1980 populi
1546 1929 1723 1968 benevo—

194 1997 334 2036 lentia
357 2009 448 2036 non
479 1997 756 2036 obstantibus
777 1997 911 2046 falsis
933 1996 1194 2035 rumoribus
1216 1996 1372 2034 contra
1401 1996 1588 2035 Patrem
1619 1994 1721 2035 Sal-

193 2062 348 2101 mero'n
377 2063 568 2112 sparsis.
601 2062 728 2101 Nova
758 2062 946 2112 collegia
971 2061 1283 2111 postulantur.

168 2186 204 2227 1.
233 2186 264 2237 -1-
293 2185 383 2225 Ihs.
417 2186 552 2226 Molto
583 2185 681 2226 11.ᾱο
711 2185 759 2225 in
789 2185 965 2226 Christo
996 2185 1150 2224 Padre.
1184 2185 1276 2224 Pax
1306 2184 1471 2225 Christi
1493 2185 1572 2224 etc.
1599 2183 1722 2236 [Bre-

87 2252 202 2290 viter
229 2249 418 2302 scribet.]
451 2251 501 2290 In
531 2252 689 2302 questo
718 2250 907 2301 collegio
937 2250 1078 2289 siamo
1099 2249 1173 2289 492:
1198 2261 1314 2288 noue
1335 2249 1441 2289 delli
1462 2249 1585 2300 quali
1611 2260 1722 2289 sono

86 2315 305 2355 sacerdoti
335 2317 379 2356 et
406 2316 436 2355 l’
451 2316 553 2355 altri
596 2316 775 2355 fratelli.
808 2315 923 2355 Nelli
968 2315 1091 2367 quali
1135 2314 1364 2355 essendosi
1399 2314 1545 2366 questi
1576 2314 1721 2366 giorni

87 2381 197 2420 satta
227 2381 365 2421 molta
408 2381 668 2429 mutatione,
701 2393 942 2421 occorrono
972 2380 1164 2420 scriuere
1194 2380 1246 2419 (16
1276 2382 1433 2431 questa
1462 2391 1552 2419 non
1581 2379 1722 2431 poche

149 2548 169 2568 a
188 2540 315 2574 Prius
337 2540 463 2574 Retor.

151 2692 162 2710 ¹
186 2690 227 2723 In
251 2691 421 2733 catalogo
444 2691 526 2725 coll.
551 2692 901 2733 caesaraugustani.
926 2692 992 2734 qui
1016 2691 1180 2732 scriptus
1203 2691 1353 2723 videtur
1375 2690 1474 2722 circa
1499 2689 1608 2722 finem
1632 2690 1723 2723 anni

89 2744 182 2784 1561,
206 2744 251 2777 (16
274 2753 317 2777 60
340 2744 496 2777 dicitur:
525 2758 540 2774 «
564 2745 605 2777 El
628 2745 708 2778 hro.
734 2745 923 2778 Bernardo
957 2745 1111 2786 Crespin
1145 2744 1295 2776 natural
1328 2744 1372 2776 de
1400 2744 1584 2783 Mallorca,
1620 2743 1664 2776 de
1687 2744 1724 2776 la

88 2797 221 2830 misma
244 2798 392 2838 ciudad‚
416 2798 462 2831 (16
485 2798 578 2831 edad
602 2799 646 2831 (16
669 2799 710 2831 20
732 2801 836 2834 afios.
861 2809 884 2841 y
908 2799 952 2831 de
976 2799 1178 2840 Compafiia
1205 2798 1305 2830 tiene
1331 2798 1425 2836 tres;
1451 2797 1500 2829 ha
1523 2797 1618 2838 oydo
1641 2797 1724 2830 lati-

89 2850 203 2884 nidad
225 2860 248 2893 y
271 2851 490 2892 Re1h6rica;
515 2860 584 2893 oye
608 2861 697 2884 aora
723 2851 974 2894 philosophia.
1000 2851 1107 2885 Suele
1141 2852 1245 2883 tener
1278 2851 1417 2892 alguna
1451 2850 1723 2892 indisposicion

88 2904 147 2937 (161
169 2905 298 2946 pecho,
322 2914 346 2947 y
369 2914 409 2938 es
432 2905 516 2947 algo
539 2905 632 2938 flaoo
655 2906 700 2938 de
723 2905 891 2948 subjecto
914 2919 945 2939 ».
974 2906 1060 2938 Cod.
1085 2905 1261 2946 Arayon.
1288 2904 1346 2940 15,
1371 2904 1394 2937 f.
1420 2905 1492 2937 7Sv.

151 2960 164 2978 ²
185 2957 239 2991 Ex
272 2958 407 3001 origin.
433 2959 473 2991 in
507 2959 586 2992 cod.
610 2958 736 3001 Neap.
762 2959 847 2999 193,
872 2959 908 2992 ff.
933 2960 1046 2995 63-66;
1082 2959 1187 3000 prius
1222 2958 1369 2990 171-174.
1395 2958 1626 2991 praecedunt
1648 2958 1722 2991 duo

89 3010 164 3043 alia
185 3012 354 3054 exempla
369 3012 409 3044 in
424 3011 461 3045 ff.
479 3012 592 3051 58-6Ο;
610 3013 718 3045 61-62.
737 3012 948 3045 Secundum
966 3013 1116 3045 HANSEN
1134 3013 1184 3053 (p.
1203 3012 1279 3053 766)
1296 3012 1353 3044 est
1369 3020 1496 3053 apogr.
1514 3011 1554 3044 in
1577 3011 1719 3046 archiv.

90 3064 273 3098 colonien.
