2028 3531
298 275 367 311 714
769 277 972 315 ermfflm
1002 279 1346 323 QuAanEsTREs

254 393 350 434 uiro
379 397 539 445 ageret,
570 396 848 437 confessione
880 397 1133 447 praemissa,
1166 397 1342 436 ueniam
1373 398 1498 437 uxori
1530 398 1798 450 impetrauit,
1820 412 1870 440 ea

252 460 397 498 tamen
429 459 537 509 lege,
571 462 617 499 ut
648 461 899 501 institutum
935 461 1194 501 monialium
1225 464 1484 512 capesseret,
1516 463 1587 503 cui
1623 463 1700 503 illa
1729 464 1870 505 liben-

251 526 315 563 ter
345 525 504 575 paruit,
537 525 641 565 dum
673 526 786 566 uidit
815 538 860 566 se
893 529 1073 566 mortem
1104 539 1204 566 cum
1234 527 1328 566 uita
1357 531 1641 570 commutare.

332 590 393 629 11.
419 590 547 629 Pater
566 591 747 641 quidam
768 603 819 631 ex
842 592 1005 631 nostris
1025 591 1196 640 diuin0,
1219 594 1267 631 ut
1289 594 1409 643 puto,
1432 594 1634 641 consilio,
1665 596 1872 646 quemad-

251 654 429 693 modum
477 655 537 694 rei
588 656 792 706 probauit
837 658 1038 704 euentus,
1088 656 1134 695 in
1173 656 1434 707 oppidulum
1485 659 1707 709 quoddam
1767 660 1872 700 huic

249 718 457 768 adjacens
485 719 541 758 ad
570 720 775 759 diuinum
811 721 994 760 uerbum
1025 729 1042 747 ἃ
1073 721 1456 761 disseminandum
1486 723 1504 748 n
1539 723 1759 773 profectus
1788 727 1868 772 est,

251 782 325 821 ubi
355 783 566 823 concione
597 787 784 835 peracta,
817 785 1072 825 admonitus
1101 787 1166 824 est
1200 786 1435 837 quemdam
1470 787 1694 827 hominem
1725 788 1770 828 in
1800 801 1871 829 ex-

250 847 401 887 tremis
430 850 631 897 agentem
661 849 707 888 in
737 862 829 889 eam
864 850 1083 889 insaniam
1115 858 1130 876 ⁶
1163 862 1259 890 esse
1301 851 1541 899 redactum,
1576 854 1623 892 ut
1651 853 1707 892 ad
1736 854 1878 893 confi—.

247 912 427 952 tendum
478 913 657 953 minime
704 926 783 954 nec
814 915 1043 965 praecibus
1074 927 1152 954 nec
1184 915 1317 954 minis
1351 916 1509 956 adduci
1542 920 1702 968 posset.
1738 918 1866 958 Pater

250 988 369 1024 uero,
401 977 554 1017 diuina
603 991 684 1029 ope
732 980 981 1030 implorata,
1015 982 1062 1019 ut
1095 980 1149 1019 ad
1198 980 1325 1020 illum
1355 981 1539 1021 accessit
1558 981 1592 1030 d,
1624 982 1870 1024 lenioribus

249 1041 398 1081 uerbis
427 1054 473 1081 se
504 1043 775 1091 insinuabat,
808 1046 855 1083 ut
884 1045 940 1083 al)
969 1056 1020 1084 eo
1042 1045 1268 1096 proposito
1298 1045 1425 1085 illum
1446 1049 1671 1094 euocaret;
1695 1048 1769 1087 sed
1793 1049 1868 1088 ubi

248 1106 316 1145 leo
347 1106 421 1146 ille
453 1108 634 1148 rabidus
664 1108 709 1147 in
754 1109 958 1159 praedam
1004 1121 1176 1161 ungues
1205 1110 1444 1160 impressit,
1476 1123 1628 1162 parum
1675 1113 1869 1152 humana

249 1171 367 1211 ualet
396 1172 638 1219 industria;
674 1174 873 1224 pertinax
903 1176 995 1213 erat
1024 1175 1169 1214 adhuc
1212 1175 1404 1222 animus,
1437 1188 1516 1215 nec
1545 1177 1704 1217 abduci
1734 1178 1790 1217 ab
1818 1189 1869 1217 ea

248 1237 467 1276 sententia
514 1240 706 1288 poterat3
758 1238 865 1278 uicit
912 1240 1088 1279 tandem
1124 1239 1279 1279 diuina
1309 1240 1454 1280 uirtus
1483 1253 1595 1292 quae
1624 1253 1792 1282 nouum
1823 1242 1869 1282 in

249 1301 553 1350 persuadendo
583 1303 803 1353 spiritum,
828 1315 877 1343 ac
909 1304 997 1343 uim
1031 1304 1149 1343 Patri
1180 1304 1264 1355 ipsi
1304 1317 1579 1346 communem
1612 1306 1728 1346 fecit.
1761 1306 1868 1347 Con·

247 1365 391 1405 fessus
420 1374 436 1392 <³
457 1369 522 1406 est
551 1367 779 1407 lachrimis
816 1369 1123 1419 copiosissime
1153 1370 1281 1417 fusis,
1314 1382 1473 1410 manus
1516 1371 1568 1410 ad
1614 1371 1760 1411 sidera
1789 1372 1869 1411 tol-

246 1430 357 1478 lens,
390 1431 436 1470 in
468 1432 692 1482 planctum
723 1435 765 1472 et
793 1433 973 1473 diuinas
1002 1435 1156 1474 laudes
1198 1436 1478 1483 soluebatur;
1528 1436 1701 1476 dicebat
1733 1437 1868 1476 confi-

246 1494 366 1534 denti
397 1496 546 1535 animo
575 1508 738 1536 nouam
769 1497 854 1536 sibi
885 1499 1113 1538 subortam
1143 1511 1239 1539 esse
1281 1511 1403 1550 spem
1447 1500 1606 1540 salutis
1648 1503 1864 1541 aeternae.

248 1559 422 1611 [Preces
448 1563 648 1611 postulat
677 1564 717 1601 et
746 1563 984 1615 valedicit]

352 1660 476 1700 Valis
505 1661 608 1700 oleti
640 1662 852 1712 postridie
884 1675 1024 1703 nonas
1049 1665 1225 1716 januar.
1258 1666 1365 1705 anni
1397 1666 1512 1706 1562.

352 1724 413 1763 Ex
443 1725 754 1765 commissione
786 1727 831 1766 P.
865 1727 1077 1767 Rectoris.

352 1790 443 1830 Rae
479 1789 560 1830 Ρ.ἰὸ
586 1790 634 1830 Τ.
669 1791 881 1831 minimus
910 1792 954 1831 in
986 1792 1116 1833 Chro.
1150 1795 1284 1835 filius.

1554 1898 1583 1948 †
1612 1897 1754 1938 ORIUE
1784 1900 1812 1940 ¹.

350 2054 608 2103 Inscriptio.
638 2053 667 2103 ἦ·
698 2053 786 2092 Ihs.
820 2053 905 2092 Pro
935 2053 1132 2105 Neapoli.

348 2118 454 2156 Alia
484 2130 638 2157 manu.
672 2118 774 2156 1562
808 2118 1058 2158 Valladolid
1097 2120 1202 2159 delli
1230 2121 1257 2159 4
1287 2120 1380 2173 [sic]
1412 2121 1456 2160 di
1486 2121 1700 2162 Gennaio.
1732 2125 1788 2163 Et
1817 2126 1864 2164 in

245 2182 335 2220 alio
366 2183 549 2232 angulo.
582 2180 631 2231 Q.
664 2182 838 2233 Va'glid.
871 2183 935 2222 602.
968 2183 993 2222 4
1020 2183 1150 2223 Janu.

303 2432 321 2450 a
341 2424 532 2465 Sequitur
552 2426 657 2458 verb.
675 2427 834 2459 omnino
871 2427 975 2460 oblit.
1000 2446 1039 2450 —
1062 2427 1080 2453 b
1101 2428 1399 2461 desiminandum
1423 2430 1468 2462 A.
1494 2450 1533 2454 —
1556 2440 1571 2458 c
1591 2431 1778 2463 insaniam
1800 2440 1865 2464 su-

240 2486 317 2518 pra
333 2486 447 2514 vers„
466 2478 586 2511 deleto
602 2480 838 2513 sententiam.
857 2499 896 2502 —
918 2480 936 2507 d
958 2481 1094 2513 accesit
1117 2481 1162 2514 A.
1181 2500 1220 2503 ——
1243 2490 1259 2509 e
1279 2483 1450 2515 confesus
1463 2483 1509 2515 A.

304 2693 313 2710 ¹
336 2691 429 2724 Vide
451 2692 545 2726 Litt.
575 2693 781 2733 Quadrim.
807 2694 848 2734 V,
865 2695 938 2727 887.
