2028 3531
478 278 558 314 588.
585 297 628 302 —
656 279 838 315 CoLoNlA
864 278 910 314 QG
937 278 1180 314 Novmfflms
1209 279 1295 315 1561
1601 280 1667 316 591

85 398 276 450 primum
306 398 352 437 in
382 396 645 438 Societatem
676 398 884 449 ingressi,
918 397 1165 448 proficiant,
1197 400 1239 437 et
1268 398 1324 437 ad
1353 398 1424 438 sui
1456 398 1599 449 ipsius
1631 399 1718 438 uic-

83 464 242 504 toriam
272 463 478 515 gnauiter
519 465 805 509 contendant,
846 464 955 503 adeo
1001 465 1045 502 ut
1090 463 1258 514 singuli
1305 475 1382 514 pro
1426 463 1593 515 gratiae
1631 464 1716 503 sibi

85 529 321 581 praestitae
363 529 545 568 modulo
588 530 642 568 ad
689 529 1000 580 perfectionem
1041 528 1316 569 adnitantur.
1361 528 1443 568 Hic
1482 528 1597 568 nihil
1636 531 1716 577 est,

82 595 201 646 quod
231 594 284 634 de
316 594 366 634 R.
400 594 447 633 P.
482 594 604 633 Doct.
639 595 881 634 Hermanni
916 593 1151 633 nouesiani
1183 594 1332 641 fratre,
1365 594 1442 645 qui
1474 606 1593 634 nunc
1623 594 1719 634 rhe-

82 660 248 700 toricae
277 660 438 705 studet,
472 659 711 710 quicquam
744 662 936 710 repetam
969 662 996 698 1.
1034 659 1150 698 lllud
1190 661 1364 698 tantum
1404 659 1580 707 addam,
1622 659 1720 710 ipso

84 725 155 765 die
184 725 316 765 diuae
337 724 603 765 Catharinae
620 725 663 763 in
689 725 922 765 Societatis
943 725 1174 764 alumnum
1197 726 1450 775 cooptatum
1473 736 1582 764 esse.
1607 724 1719 765 Sunt

83 790 214 830 etiam
246 790 414 841 plures,
451 790 528 841 qui
567 791 622 829 ad
662 791 705 829 id
747 802 908 841 magno
947 789 1096 829 studio
1135 789 1426 837 contendunt,
1468 789 1718 841 ingressum

83 858 359 907 expetentes:
405 855 482 895 sed
526 855 628 895 licet
672 856 736 895 eis
768 868 854 895 non
887 856 1143 907 denegetur,
1186 857 1452 906 prorogatur
1481 857 1629 895 tamen
1660 856 1721 896 in-

84 932 279 972 gressus,
311 920 472 972 partim
513 923 561 960 ut
599 932 751 960 eorum
797 921 935 960 animi
979 921 1282 971 explorentur,
1316 921 1478 971 partim
1509 921 1641 961 etiam
1673 924 1721 962 ut

84 986 139 1025 ad
183 986 401 1026 feruorem
445 987 488 1025 et
525 985 810 1030 desiderium,
856 998 945 1037 quo
974 988 1197 1029 tenentur.
1243 986 1320 1026 fiat
1365 986 1505 1025 maior
1543 986 1722 1038 pietatis

84 1051 303 1099 accessi0;
335 1053 378 1091 et
411 1053 459 1090 ut
503 1051 697 1102 ingenue
742 1052 894 1099 fatear,
940 1051 1025 1091 loci
1069 1051 1201 1091 etiam
1233 1051 1469 1103 angustiae
1514 1052 1721 1103 pluribus

84 1117 335 1168 ingressum
366 1128 528 1168 negare
560 1128 741 1167 prorsus
772 1117 995 1158 uidentur.

137 1183 176 1222 3.
210 1182 426 1222 Existimo
457 1181 505 1222 T.
539 1182 590 1221 R.
626 1182 672 1221 P.
707 1194 945 1221 memorem
976 1183 1123 1222 adhuc
1152 1194 1248 1223 esse
1278 1183 1575 1223 illustrissimi
1598 1184 1722 1224 illius

85 1247 227 1296 ducis,
259 1247 389 1287 cuius
418 1246 727 1298 superioribus
756 1247 898 1286 literis
938 1248 993 1286 ad
1024 1247 1075 1288 V.
1110 1247 1157 1288 P.
1191 1248 1478 1287 memineram
1509 1249 1538 1288 2.
1572 1248 1610 1288 A
1641 1260 1724 1288 sua

84 1312 350 1353 celsitudine
380 1314 482 1352 ante
523 1312 709 1352 biduum
748 1312 916 1363 accepit.
960 1313 1112 1352 literas
1150 1313 1201 1352 R.
1238 1313 1282 1354 P.
1314 1313 1468 1353 doctor
1502 1313 1723 1354 Henricus

87 1378 347 1430 Dionysius,
379 1378 435 1417 ad
465 1389 577 1429 quas
606 1378 831 1428 propriam
864 1390 1046 1417 manum
1077 1379 1339 1418 admouerat
1359 1379 1450 1419 dux
1471 1379 1722 1419 illustrissi-

87 1455 204 1491 mus,
236 1443 401 1494 quibus
431 1443 559 1483 illum
591 1443 646 1482 ad
666 1442 920 1494 erigendam
946 1443 1091 1492 fidem,
1116 1444 1201 1483 ian]
1226 1444 1424 1495 grauiter
1444 1444 1721 1490 inclinatam,

86 1510 244 1549 euocat
272 1520 435 1560 magna
465 1508 531 1547 illi
564 1508 804 1559 pollicens;
838 1508 940 1547 licet
971 1509 1085 1548 nihil
1106 1509 1226 1561 quod
1246 1511 1471 1549 terrenum
1493 1510 1553 1549 sit
1572 1522 1724 1561 expec-

87 1576 245 1621 temus,
277 1586 376 1614 cum
409 1574 528 1614 Deus
557 1574 615 1613 sit
646 1574 692 1613 in
713 1574 849 1613 caelis
870 1575 1048 1613 abunde
1069 1586 1339 1625 repensurus
1362 1575 1400 1614 si
1426 1575 1534 1627 quid
1564 1587 1724 1627 operae

85 1639 132 1679 in
162 1639 403 1679 excolenda
431 1639 566 1679 uinea
585 1651 698 1691 quae
719 1652 743 1679 a
767 1639 934 1690 uiperis
954 1639 1208 1688 demolitur,
1236 1641 1573 1681 contulerimus.
1598 1640 1724 1681 Eius-

85 1706 183 1745 dem
214 1705 509 1745 illustrissimi
533 1705 747 1756 principis
766 1707 930 1752 orator,
953 1705 1029 1756 qui
1052 1705 1289 1756 legationis
1321 1718 1484 1746 munus
1513 1705 1725 1747 Coloniae

87 1771 302 1810 foeliciter
344 1770 503 1815 obiuit,
549 1771 604 1810 ad
645 1771 696 1810 R.
744 1771 791 1810 P.
825 1771 949 1810 Doct.
984 1771 1226 1810 Henricum
1270 1771 1537 1823 Dionysium
1573 1772 1725 1812 literas

86 1848 263 1888 quoque
292 1836 427 1884 dedit,
460 1836 626 1888 quibus
658 1837 873 1888 principis
903 1837 1100 1876 animum
1134 1837 1195 1876 ita
1226 1837 1432 1877 affectum
1473 1849 1570 1878 esse
1599 1837 1722 1886 dicit,

87 1904 136 1942 ut
166 1901 356 1941 maxime
385 1902 536 1953 cupiat
565 1902 742 1941 scholas
772 1902 898 1953 erigi,
932 1902 978 1941 in
1009 1902 1174 1953 quibus
1195 1902 1409 1942 iuuentus
1430 1915 1455 1942 a
1476 1903 1607 1943 nobis
1627 1915 1724 1943 eru-

87 1967 250 2008 diatur.
283 1967 355 2008 Sic
385 1968 535 2019 itaque
564 1979 796 2019 speramus
827 1967 1082 2018 propediem
1112 1968 1315 2019 aurigam
1355 1968 1616 2017 affuturum,
1647 1969 1725 2021 qui

87 2033 192 2073 hinc
223 2033 430 2073 uidelicet
459 2033 515 2073 ad
544 2033 790 2085 principem
830 2033 956 2072 illum
1001 2033 1058 2073 sit
1089 2034 1374 2074 aduecturus.
1421 2034 1473 2074 Et
1515 2035 1726 2086 quemad-

88 2099 269 2138 modum
299 2099 430 2139 nobis
460 2099 769 2139 renunciatum
815 2101 895 2143 est.
941 2100 984 2138 et
1029 2111 1096 2138 me
1140 2099 1374 2150 scripsisse
1417 2100 1726 2151 superioribus

87 2163 229 2203 literis
257 2164 432 2215 opinor,
464 2165 660 2216 populus
690 2167 757 2204 est
778 2164 914 2204 durae
935 2165 1138 2210 ceruicis,
1163 2168 1204 2205 et
1227 2166 1427 2205 moribus
1448 2165 1559 2205 forte
1580 2177 1726 2217 agres—

87 2229 187 2270 tior.
218 2228 363 2280 Quare
391 2230 598 2281 cupimus
627 2230 870 2281 plurimum
902 2242 1029 2270 suam
1062 2231 1147 2271 R.m
1170 2231 1259 2271 Τέω
1293 2230 1409 2270 ΒΑΜ
1439 2229 1599 2271 P.¹iSac
1619 2230 1728 2270 alio-

88 2307 186 2335 rum
218 2296 422 2346 precibus
452 2298 584 2347 atque
614 2295 847 2347 sacrificijs
877 2308 974 2335 esse
995 2307 1130 2347 quam
1151 2296 1654 2345 commendatissimam,
1679 2298 1727 2337 ut

88 2371 141 2399 ex
170 2360 253 2400 hac
283 2361 554 2412 profectione
584 2361 771 2412 gloriam
795 2360 1000 2402 Christus
1024 2362 1301 2410 immensam,
1325 2364 1365 2401 et
1388 2362 1579 2402 salutem
1600 2362 1727 2402 uber·

89 2425 245 2465 rimam
279 2426 470 2478 populus
500 2426 731 2478 suscipiat,
764 2439 894 2478 quem
934 2427 1070 2467 simul
1109 2439 1341 2479 precamur
1384 2430 1433 2467 ut
1463 2427 1566 2468 T.³¹11
1591 2427 1641 2467 R.
1677 2427 1723 2468 P.

88 2491 165 2531 diu
196 2494 343 2532 seruet
384 2492 669 2533 incolumem.
703 2492 753 2532 N.
788 2491 904 2532 ΒΑΜ
946 2493 1014 2533 P.¹'
1040 2493 1298 2534 Leonardus
1328 2495 1357 2541 3,
1390 2493 1467 2545 qui
1508 2494 1595 2533 iam
1637 2505 1727 2533 me-

90 2556 280 2598 liuscule
309 2558 429 2598 ualet
474 2558 686 2610 (grauiter
728 2559 847 2598 enim
878 2561 1009 2599 antea
1039 2559 1278 2608 laborauit)
1310 2561 1482 2610 praeter
1519 2559 1725 2607 salutem,

152 2755 163 2773 ¹
187 2754 238 2786 De
268 2754 376 2787 Petro
409 2754 590 2796 Thyraeo,
615 2754 819 2787 Hermanni
854 2754 1014 2796 Thyraei
1049 2755 1175 2795 fratre,
1201 2756 1330 2798 aliqua
1352 2756 1498 2788 dixerat
1536 2756 1667 2788 auctor
1688 2755 1728 2788 in

90 2807 252 2848 epistula
275 2807 335 2840 die
357 2808 395 2840 31
421 2808 590 2840 Octobris
613 2808 713 2847 data,
737 2817 850 2849 quam
873 2808 958 2841 vide
982 2809 1035 2841 sis
1052 2809 1151 2850 apud
1177 2809 1341 2848 HANSEN,
1367 2808 1390 2841 l.
1408 2818 1438 2841 c.
1456 2805 1528 2841 408.
1554 2808 1606 2841 De
1629 2809 1730 2841 utro-

89 2869 163 2902 que
185 2860 354 2902 Thyraeo
377 2861 521 2894 consuli
553 2862 676 2903 potest
709 2861 1000 2894 SOMMERVOGEL:
1027 2862 1330 2904 Biblz'oyraphie
1354 2862 1399 2894 de
1423 2862 1464 2894 la
1491 2861 1729 2903 Compagynie

91 2912 137 2946 de
159 2912 288 2950 Jeisu&
315 2923 344 2947 s.
369 2924 403 2947 v.
429 2914 481 2947 Ex
499 2914 568 2947 hac
592 2915 755 2956 epistula
779 2915 938 2947 solvitur
961 2915 1116 2948 dubium
1141 2916 1239 2957 quod
1253 2916 1309 2948 est
1325 2915 1424 2956 apud
1442 2914 1727 2956 SOMMERVOGEL‚

92 2967 137 3000 de
160 2976 259 3000 anno
282 2977 356 3009 quo
379 2968 510 3001 Petrus
533 2968 725 3010 Thyraeus
749 2968 972 3001 Societatem
997 2969 1191 3010 ingressus
1215 2971 1284 3002 est.

154 3022 167 3040 Ξ
191 3020 233 3053 In
256 3021 420 3062 epistula
442 3022 503 3054 die
525 3022 563 3054 31
588 3021 759 3054 Octobris
782 3021 882 3061 data,
907 3022 951 3054 de
974 3031 1049 3064 qua
1074 3022 1113 3054 in
1137 3023 1264 3055 annot.
1290 3022 1492 3063 superiore.

155 3075 168 3094 ³
190 3073 228 3107 P.
254 3074 469 3108 Leonardus
494 3075 633 3108 Kessel.
