2028 3531
483 267 563 303 570.
591 289 633 294 —
661 268 907 305 VINDOBONA
935 269 948 304 1
980 269 1237 306 SEPTEMBRIS
1266 269 1353 306 1561
1622 271 1692 306 509

105 387 276 434 natum,
308 398 385 437 per
414 386 645 426 Rectorem
675 389 878 427 nostrum
907 389 1013 427 sunt
1042 387 1089 426 in
1119 387 1398 439 Hungariam
1429 388 1605 428 missae.
1639 389 1737 435 His,

105 451 172 502 (ut
200 451 253 491 de
282 451 386 503 alijs
415 451 471 491 ad
504 452 726 504 principes
755 453 971 505 quosdam
1003 452 1129 492 illius
1159 453 1300 504 regni,
1332 453 1517 493 eandem
1553 454 1609 493 ob
1639 466 1740 493 cau-

103 527 215 564 sam,
247 515 398 556 missis
428 516 543 556 nihil
574 517 751 557 interim
781 518 941 568 dicam)
973 518 1016 557 et
1044 517 1206 557 affectu
1249 517 1485 569 singulari,
1517 530 1606 569 quo
1636 529 1740 557 nos-

102 583 196 621 tros
225 585 320 621 tum
349 582 612 633 capitulum,
644 595 779 634 quam
809 585 992 623 senatus
1024 585 1370 635 prosequuntur,
1402 583 1606 634 permoti,
1630 583 1740 623 citra

103 658 274 686 moram
303 647 451 687 soluta
480 648 564 687 fuit
593 660 647 688 ex
676 649 849 700 integro
878 648 1038 688 domus
1081 648 1270 700 collegio
1314 650 1475 700 empta.
1515 649 1739 688 Translati

102 724 280 763 quoque
309 713 450 752 nostri
480 713 536 752 ad
566 714 766 762 eandem,
789 715 1008 754 bonorum
1039 714 1235 766 auxilijs,
1257 714 1410 754 eodem
1441 714 1512 754 die
1543 714 1737 754 fuerunt.

103 776 246 827 Quam
275 778 498 829 laetanijs,
531 778 798 830 disciplinis,
830 781 963 831 atque
992 791 1038 819 re
1067 791 1193 819 sacra
1236 782 1343 819 tunc
1385 779 1579 830 primum
1618 779 1739 819 dedi-

102 845 317 883 cauerunt
360 843 465 883 Deo.
513 844 765 884 Eorundem
808 856 941 896 opera
986 847 1275 895 patronorum
1318 846 1451 896 atque
1495 845 1740 901 amicorum

102 908 239 959 empti
268 908 419 948 statim
449 909 623 957 lateres,
656 922 746 949 non
779 910 907 961 pauci
938 909 1073 949 simul
1104 921 1202 949 cum
1234 910 1353 950 ealce
1383 910 1564 950 domum
1608 910 1740 950 adue-

102 974 337 1014 hebantur.
371 975 485 1014 Muri
516 977 663 1015 autem
695 978 864 1015 veteres
895 988 985 1015 non
1016 976 1148 1015 modo
1192 978 1298 1015 tunc
1337 976 1550 1027 temporis
1579 975 1740 1015 deicie-

103 1040 280 1087 bantur,
312 1040 389 1080 sed
419 1052 497 1091 per
526 1041 788 1092 primarium
818 1040 1022 1081 Caesaris
1051 1041 1359 1088 architectum,
1391 1041 1469 1093 qui
1513 1053 1579 1089 eo,
1612 1041 1740 1081 iussu

102 1105 317 1153 eiusdem,
363 1106 419 1144 ad
462 1106 546 1145 hoc
589 1106 674 1146 fuit
717 1106 898 1155 missus,
932 1106 1071 1146 futuri
1114 1106 1290 1158 collegij
1336 1106 1559 1157 designati
1596 1106 1741 1157 (cuius

102 1170 328 1221 exemplar
355 1171 481 1211 breui
503 1171 552 1212 T.
573 1172 624 1212 R.
645 1172 692 1211 P.
713 1171 956 1221 mittemus)
990 1171 1295 1219 fundamenta,
1327 1183 1381 1211 ex
1410 1172 1550 1211 altero
1580 1172 1741 1211 domus

102 1235 266 1275 ueteris
286 1236 422 1276 latere
447 1237 774 1288 aperiebantur.
797 1237 1124 1277 Promissiones
1155 1249 1261 1277 uero
1292 1249 1479 1288 magnae
1508 1249 1533 1276 a
1563 1237 1741 1277 ciuibus

101 1300 257 1348 factae,
289 1303 421 1353 atque
451 1314 505 1341 ex
534 1304 658 1353 parte
700 1302 938 1353 praestitae
968 1304 1088 1344 sunt.
1119 1301 1241 1352 Quae
1270 1302 1308 1342 si
1338 1314 1391 1342 ex
1430 1302 1603 1354 integro
1647 1301 1742 1342 red-

101 1366 280 1416 dantur,
327 1369 375 1407 ut
417 1379 664 1418 speramus,
709 1368 942 1415 decimam,
988 1368 1078 1407 imo
1121 1380 1243 1415 uero,
1276 1370 1325 1407 ut
1367 1367 1549 1419 quidam
1595 1367 1738 1415 aiunt,

102 1434 307 1483 quartam
337 1445 633 1484 expensarum
664 1435 832 1484 partem
863 1433 1001 1473 totius
1031 1433 1221 1485 aedificij
1254 1433 1383 1473 facile
1412 1433 1638 1473 excedent.
1672 1433 1741 1472 Ad

101 1497 210 1537 haec
239 1497 353 1537 ursit
382 1497 498 1537 idem
520 1498 680 1538 Rector
708 1498 792 1538 hoc
822 1498 1080 1538 institutum
1110 1498 1315 1545 ulterius,
1339 1510 1429 1538 non
1460 1498 1591 1538 modo
1621 1498 1740 1549 apud

101 1563 364 1614 capitulum,
396 1563 473 1603 sed
516 1563 632 1614 apud
679 1563 793 1603 alios
835 1575 1013 1615 quoque
1055 1576 1147 1603 non
1191 1564 1361 1615 absque
1404 1563 1565 1603 fructu.
1604 1563 1738 1611 Haec,

101 1628 238 1668 trium
267 1628 413 1679 spatio
443 1629 532 1668 fere
562 1629 957 1677 hebdomadarum,
985 1629 1151 1680 quibus
1173 1641 1315 1680 nuper
1335 1629 1382 1668 in
1403 1628 1634 1680 Hungaria
1666 1628 1741 1668 ille

101 1693 206 1745 egit,
230 1694 360 1734 Chro.
386 1694 483 1734 Ihu.
518 1695 628 1734 bene
659 1695 868 1746 propitio,
891 1695 1256 1746 expediebantur.
1285 1694 1436 1746 Neque
1466 1694 1585 1734 enim
1616 1694 1741 1745 prius

102 1759 228 1799 illinc
256 1760 343 1800 huc
374 1760 545 1811 regredi
575 1760 631 1799 ad
662 1772 743 1800 nos
787 1760 947 1807 uoluit,
989 1772 1121 1811 quam
1167 1761 1276 1800 haec
1320 1760 1432 1811 ipsa,
1464 1772 1578 1811 quae
1609 1760 1741 1799 modo

101 1825 352 1873 retulimus,
385 1837 483 1865 cum
516 1825 622 1873 illis,
655 1838 740 1877 que
769 1826 822 1865 ad
855 1826 1135 1877 spiritualem
1167 1826 1396 1873 fabricam,
1429 1826 1741 1876 internamque

101 1890 277 1942 collegij
321 1890 688 1930 constitutionem
731 1893 946 1942 spectant,
978 1891 1315 1931 conficerentur.
1348 1890 1444 1941 Qua
1475 1903 1519 1930 re
1562 1891 1741 1942 cognita

101 1955 253 2007 plures
295 1956 515 1995 aedificati
559 1956 693 1996 simul
738 1959 871 2008 atque
913 1968 1066 1996 eorum
1107 1956 1246 1996 animi
1276 1956 1455 1996 excitati
1486 1956 1541 1995 ad
1571 1956 1742 1995 maiora

101 2020 189 2061 uisi
219 2024 338 2062 sunt.
370 2021 496 2071 Quod
527 2033 643 2069 cum,
676 2024 848 2073 praeter
892 2024 1099 2070 mentem,
1131 2022 1382 2073 scitumque
1426 2021 1642 2069 Rectofis,
1685 2020 1741 2060 ad

101 2086 236 2138 legati
278 2087 511 2138 apostolici
556 2099 701 2135 aures,
747 2099 798 2127 ac
841 2087 1033 2127 aliorum
1082 2088 1393 2139 episcoporum
1437 2087 1737 2138 peruenisset3

101 2152 245 2203 primo
273 2152 453 2204 quidem
484 2153 667 2192 maioris
696 2153 923 2193 hominem
967 2153 1109 2193 facere
1147 2155 1411 2204 coeperunt,
1444 2152 1604 2192 deinde
1634 2164 1740 2192 uero

103 2218 284 2270 Posonij
334 2230 433 2258 cum
479 2219 567 2258 huc
596 2221 906 2266 reuerteretur,
939 2219 1160 2270 singulari
1190 2218 1470 2259 humanitate
1500 2218 1619 2269 apud
1650 2218 1741 2258 RQ

102 2283 266 2324 Dnum.
299 2283 506 2334 Quinque
535 2284 847 2324 ecclesiensem
878 2287 891 2308 1
922 2285 978 2324 ab
1008 2284 1167 2336 iJ‘sdem
1198 2284 1282 2324 fuit
1312 2284 1368 2323 ad
1397 2295 1581 2323 coenam
1612 2295 1742 2323 uoca-

101 2351 175 2389 tus
217 2351 350 2400 atque
393 2351 618 2400 exceptus,
650 2361 742 2389 non
771 2350 881 2389 citra
911 2350 1136 2401 quandam
1167 2349 1365 2389 eiusdem
1397 2348 1536 2388 animi
1567 2348 1740 2388 desola-

100 2414 291 2462 tionem3
337 2427 435 2455 eam
478 2415 669 2455 maxime
712 2416 769 2455 ob
812 2427 1010 2464 causam,
1057 2415 1177 2467 quod
1221 2415 1475 2466 frequenter
1520 2414 1573 2454 de
1609 2414 1741 2453 rebus

99 2479 243 2531 ipsius
272 2480 319 2519 in
348 2480 499 2520 eadem
532 2492 700 2528 mensa,
732 2492 881 2520 coram
912 2481 1118 2531 pluribus
1149 2480 1315 2532 ignotis
1348 2480 1531 2530 (quibus
1562 2480 1741 2530 propter

101 2546 391 2596 semetipsum
433 2546 691 2597 incognitus
739 2546 899 2586 fuisset
945 2546 1176 2589 libentius)
1227 2545 1502 2585 honorificus
1549 2544 1740 2583 nimium

102 2622 247 2650 sermo
290 2611 525 2651 institutus
567 2614 696 2651 esset.
732 2612 886 2663 Itaque
935 2613 1063 2651 nocte
1092 2612 1186 2659 illa,
1218 2623 1307 2663 qua
1341 2611 1447 2650 hinc
1477 2609 1737 2656 Posonium,

102 2676 390 2716 recreationis
419 2689 537 2728 ergo,
562 2677 688 2717 RJHUS
732 2677 1008 2728 apostolicus
1037 2676 1227 2716 nuntius
1257 2688 1303 2716 se
1333 2676 1597 2722 contulerat,
1633 2686 1741 2725 quo-

102 2753 188 2793 que
217 2742 376 2782 Rector
405 2742 500 2793 ipse
530 2742 656 2782 illinc
698 2743 786 2782 huc
829 2745 923 2782 erat
967 2742 1261 2794 profecturus,
1294 2742 1340 2782 ui
1385 2741 1515 2792 quasi
1556 2739 1737 2791 Posonij

102 2807 308 2847 detentus
350 2807 448 2848 fuit.
482 2808 694 2859 Sequenti
737 2820 844 2848 uero
887 2808 959 2848 die
1004 2820 1149 2856 mane,
1184 2810 1358 2859 peracta
1403 2807 1458 2846 ab
1501 2806 1656 2845 eodem
1694 2816 1740 2844 re

102 2884 242 2920 sacra,
287 2872 522 2913 difficulter
577 2874 771 2913 abeundi
820 2874 995 2925 copiam
1051 2875 1373 2925 consequutus,
1425 2871 1645 2911 Viennam
1694 2882 1741 2910 se

103 2937 307 2985 contulit,
338 2938 610 2986 constitutis,
643 2939 692 2978 ut
721 2939 883 2979 melius
912 2938 1006 2978 fieri
1038 2938 1198 2990 potuit,
1230 2938 1364 2977 rebus
1394 2935 1661 2987 Tyrnauiae.

167 3081 177 3099 ²
201 3080 382 3123 Georgius
405 3081 661 3115 Draskowich.
