2028 3531
512 283 592 320 572
620 304 663 310 —
691 283 878 320 BJLLOMo
905 283 927 318 3
954 282 1211 319 SEPTEMBms
1240 282 1327 318 1561
1626 284 1696 320 519

110 402 274 442 niculis
317 404 594 454 oppugnant,
628 404 786 454 vrgent
831 401 1058 449 conuitiis‚
1101 401 1146 441 in
1186 402 1281 441 suis
1311 402 1525 441 conuitiis
1574 404 1617 441 et
1664 415 1746 453 pu-

109 467 239 508 blicis
284 468 462 507 coronis
510 468 717 518 produnt,
769 479 923 508 omnes
965 467 1212 506 abalienari
1258 467 1482 518 incipiunt
1525 480 1549 506 a
1594 468 1741 516 nobis,

108 533 250 572 toruis
280 544 362 572 nos
391 532 556 573 intueri
585 533 744 581 oculis,
777 533 851 572 vix
880 532 1056 584 dignari
1088 532 1227 583 loqui,
1259 532 1414 583 digitis
1452 544 1743 583 vnumquem-

108 610 194 649 que
224 600 425 638 nostrum
458 600 718 646 monstrare,
751 600 954 638 nostrum
987 598 1184 637 minitari
1215 598 1478 646 discessum,
1515 598 1743 638 clamitare

108 665 152 703 et
179 663 345 703 crebris
375 675 588 715 vsurpare
619 664 842 704 inuidiose
885 663 1170 703 sermonibus
1214 676 1296 703 nos
1342 663 1521 714 publico
1560 665 1744 703 senatus

110 728 370 780 parisiensis
399 729 573 769 decreto
612 730 797 769 reiectos
826 731 869 769 et
897 731 1076 768 exactos
1105 740 1128 768 e
1158 729 1318 769 Gallia.
1362 729 1431 768 Ad
1471 729 1580 768 haec
1609 729 1743 768 etiam

109 795 155 834 in
197 806 333 834 causa
375 806 457 834 sua
502 794 663 835 fortius
707 794 1010 846 persequenda
1052 794 1146 844 (sed
1180 794 1225 833 id
1259 794 1448 834 maxime
1492 794 1538 833 in
1568 802 1739 834 causa-”²

107 860 533 909 clarmontanorum)
581 860 778 912 episcopi
829 859 1106 911 parisiensis.
1153 860 1399 905 doctorum,
1446 859 1745 899 franciscano—

108 937 221 973 rum,
244 925 647 972 dominicanorum,
669 925 1015 971 carmelitarum,
1044 925 1472 976 augustiniensium,
1506 937 1742 975 puerorum

107 990 239 1030 etiam
270 1002 383 1042 quos
412 991 548 1043 vulgo
580 992 738 1031 rubros
767 993 928 1030 vocant
949 992 977 1038 1,
1011 990 1058 1029 in
1080 1002 1162 1030 nos
1199 991 1428 1041 proferunt
1457 990 1475 1016 b
1506 990 1742 1039 inuidiam,

109 1059 150 1096 vt
183 1056 227 1096 vi
258 1056 424 1096 maiore
455 1069 537 1096 nos
567 1068 644 1108 spe
674 1057 796 1096 omni
826 1056 1145 1103 disturbarent,
1188 1056 1347 1107 suique
1383 1056 1473 1096 voti
1503 1056 1744 1096 existerent

106 1124 356 1174 compotes:
391 1135 535 1174 neque
555 1123 674 1163 enim
697 1125 761 1162 tot
780 1124 1097 1174 tantorumque
1128 1122 1361 1162 hominum
1394 1122 1440 1161 in
1476 1134 1558 1161 nos
1589 1130 1604 1149 0
1638 1134 1741 1162 con-

106 1199 266 1228 sensus
295 1190 339 1228 et
366 1188 639 1240 conspiratio
667 1187 686 1214 d
707 1188 763 1228 ad
784 1187 1106 1227 debilitandam
1128 1190 1169 1227 et
1190 1188 1523 1239 infringendam
1546 1189 1744 1227 nostram

106 1265 286 1294 causam
317 1265 474 1305 parum
504 1254 697 1294 habebat
727 1254 953 1293 momenti.
988 1254 1053 1292 Ita
1083 1253 1214 1293 nobis
1245 1265 1457 1304 perquam
1487 1253 1637 1292 varius
1668 1265 1745 1293 ne-

107 1318 216 1371 gotii
245 1319 392 1359 exitus
436 1319 535 1367 fuit,
568 1322 613 1358 vt
647 1319 785 1358 animi
831 1319 1126 1370 penderemus
1169 1330 1325 1358 omnes
1368 1318 1477 1370 quid
1520 1318 1744 1369 agendum

107 1385 231 1426 foret.
263 1383 407 1435 Quare
437 1385 683 1424 christiana
705 1384 847 1436 magis
869 1386 911 1423 et
933 1384 1174 1435 relligiosa,
1199 1396 1250 1424 ac
1271 1395 1402 1435 saepe
1433 1383 1479 1423 in
1509 1383 1742 1432 Societate,

107 1450 274 1489 talibus
304 1449 351 1489 in
381 1450 542 1499 causis,
576 1450 780 1501 vsurpari
810 1449 943 1489 solita
973 1450 1298 1489 consuetudine
1338 1449 1455 1497 fulti,
1496 1461 1630 1501 quam
1660 1449 1745 1489 hu-

107 1516 253 1555 manis
300 1516 401 1556 tecti
450 1516 701 1567 praesidiis,
747 1528 891 1567 spero,
937 1516 1232 1563 orationibus,
1274 1515 1563 1563 abstinentia,
1595 1527 1746 1566 perpe—

106 1581 273 1620 tiendis
301 1581 468 1633 flagris,
501 1581 862 1621 aduersariorum
909 1581 1047 1621 fuisse
1076 1581 1280 1621 consiliis
1319 1583 1647 1632 peropportune
1677 1593 1746 1621 oc-

106 1657 314 1694 cursum;
363 1649 406 1686 vt
449 1659 549 1686 cum
595 1659 753 1698 magne
796 1649 944 1686 essent
987 1646 1203 1686 aduersae
1246 1647 1377 1686 nobis
1417 1646 1638 1695 ciuitates,
1670 1646 1746 1685 vix

107 1712 236 1763 pauci
271 1724 297 1751 a
340 1712 544 1763 partibus
587 1714 756 1752 starent
800 1713 981 1761 nostris,
1013 1712 1368 1752 contradicerent
1403 1723 1539 1763 prope
1573 1723 1743 1760 omnes,

107 1777 284 1817 nullum
331 1778 474 1818 tutius
522 1778 781 1829 putauimus
825 1790 958 1829 quam
1004 1778 1050 1817 in
1099 1778 1190 1817 Deo
1235 1778 1502 1829 perfugium.
1549 1777 1747 1827 Quadra—

107 1843 231 1894 ginta
288 1843 501 1883 horarum
545 1843 690 1894 spatio
736 1845 991 1894 perpetuate
1034 1855 1185 1895 preces
1229 1844 1325 1883 sine
1382 1843 1743 1891 intermissione,

108 1908 245 1948 multe
279 1909 493 1948 honestae
523 1909 732 1948 mulieres
762 1921 862 1948 cum
893 1909 996 1948 aliis
1031 1909 1214 1959 optimis
1253 1909 1523 1960 quibusdam
1567 1908 1746 1948 ciuibus

106 1985 197 2013 non
226 1976 458 2014 cessarunt
486 1982 502 2001 θ
523 1974 595 2014 die
633 1987 810 2026 quoque
842 1975 1016 2014 veneris
1055 1974 1270 2022 ieiunare,
1302 1975 1405 2013 flere
1448 1976 1649 2013 nostram
1685 1974 1746 2013 vi-

106 2051 215 2087 cem,
247 2039 425 2091 aliaque
454 2040 632 2090 pietatis
662 2051 862 2079 exercere
892 2052 1041 2091 opera,
1084 2042 1128 2079 vt
1167 2052 1190 2079 a
1231 2040 1322 2079 Deo
1366 2052 1445 2091 pro
1484 2039 1616 2079 nobis
1645 2051 1747 2090 sup-

107 2104 244 2155 plices
287 2116 434 2144 rerum
473 2105 674 2145 omnium
719 2105 1019 2156 integritatem
1064 2105 1368 2157 impetrarent.
1411 2105 1482 2145 Sic
1521 2104 1746 2145 sensimus

107 2170 379 2221 pedetentim
409 2170 601 2221 opprimi
632 2182 807 2210 omnem
840 2171 886 2210 in
918 2183 1000 2210 nos
1038 2173 1080 2210 et
1109 2171 1322 2222 episcopi,
1354 2173 1396 2210 et
1426 2171 1673 2218 doctorum,
1705 2172 1747 2209 et

107 2235 457 2275 mendicantium
501 2235 737 2283 inuidiam,
784 2238 830 2276 vt
874 2236 962 2276 iam
1007 2236 1089 2276 Dei
1129 2236 1343 2276 beneficio
1387 2236 1565 2276 sedatos
1599 2236 1745 2287 placa-

106 2303 265 2352 tosque
293 2301 614 2342 existimemus.
661 2302 806 2353 Atque
837 2302 941 2342 dum
983 2303 1043 2342 ita
1074 2314 1120 2342 se
1151 2314 1220 2342 res
1250 2303 1398 2351 habet,
1423 2304 1606 2342 senatus
1636 2301 1747 2341 inte-

108 2366 189 2406 rim
221 2366 395 2406 decreto
425 2367 540 2407 facto
570 2367 842 2407 aduersariis
873 2368 1084 2407 omnibus
1115 2368 1368 2418 incoeptum
1403 2379 1582 2407 cursum
1614 2367 1747 2406 inter-

106 2431 228 2483 cipit,
260 2444 349 2483 quo
380 2432 530 2472 minus
560 2433 765 2484 progredi
797 2433 979 2484 longius
1010 2435 1191 2484 possent
1220 2434 1258 2481 2;
1291 2433 1411 2484 quod
1441 2433 1650 2484 cumjgper
1671 2444 1747 2472 sex

107 2496 311 2537 latuisset
340 2509 531 2545 menses,
564 2509 643 2537 nec
672 2497 764 2537 illis
796 2499 992 2538 venisset
1023 2499 1069 2538 in
1103 2499 1404 2550 cognitionem
1436 2501 1585 2538 nostre
1615 2509 1747 2538 cause

105 2561 277 2610 dilatio,
310 2564 352 2602 et
381 2562 460 2602 illo
503 2563 678 2603 decreto
708 2564 763 2603 ad
793 2564 1032 2604 concilium
1074 2564 1326 2615 proximum
1358 2564 1598 2613 reuocatio,
1631 2563 1747 2603 nihil

106 2627 194 2667 tale
231 2628 479 2680 cogitantes
519 2629 773 2680 (aduersum
805 2629 923 2669 enim
954 2632 1160 2670 senatum
1192 2630 1322 2669 nobis
1362 2630 1445 2669 rati
1485 2630 1710 2669 decretum
1736 2628 1750 2655 f

168 2796 188 2815 a
208 2787 247 2819 in
271 2797 386 2820 causa
409 2797 537 2830 supra
563 2798 662 2821 vers.
688 2807 727 2811 —
752 2789 769 2815 b
800 2789 993 2831 proferunt
1027 2799 1155 2831 supra
1178 2798 1294 2823 vers..
1321 2790 1442 2822 deleto
1466 2790 1547 2822 alio
1569 2798 1605 2821 v.
1644 2788 1749 2830 quod

107 2840 186 2882 legi
213 2841 361 2882 nequit.
402 2860 441 2864 —
471 2850 485 2867 c
516 2842 555 2874 in
590 2850 660 2874 nos
696 2851 823 2884 supra
858 2852 959 2876 vers.
995 2862 1035 2866 —
1058 2843 1076 2870 d
1098 2844 1134 2875 et
1158 2843 1388 2885 conspiratio
1419 2852 1546 2885 snpra
1580 2851 1683 2875 vers.
1708 2861 1748 2864 —

108 2902 124 2921 e
144 2893 228 2927 Del.
245 2894 390 2928 diebus.
409 2914 448 2918 —
471 2896 486 2922 f
509 2895 648 2928 Praec.
666 2905 701 2929 v.
720 2896 883 2929 obscure
897 2899 1121 2929 emo-atum.

171 3034 180 3051 ¹
205 3031 357 3064 Alumni
380 3032 579 3065 cuiusdam
602 3032 759 3074 hospitii
784 3034 1005 3075 parisiensis
1029 3043 1074 3066 ex
1097 3034 1258 3067 vestium
1282 3035 1403 3067 colore
1427 3034 1481 3066 ita
1504 3034 1640 3066 vocati.

168 3086 181 3105 ⁹
202 3085 296 3119 Vide
319 3085 372 3118 sis
394 3085 521 3128 Epist.
546 3086 625 3118 ΡΡ.
649 3086 806 3120 Broet...
830 3088 904 3120 252.
