2028 3531
333 298 403 333 694
806 296 1009 332 ΙΛΤΤΕΒΑΕ
1036 295 1380 339 ΩυΑῡΒιΜΕΒΤΒΕε

288 417 402 467 pbus
423 417 594 462 acutus,
613 417 760 455 orator
790 415 1040 459 vehemens,
1064 411 1299 462 theologus
1322 409 1582 461 profundus,
1602 409 1904 460 propugnator

288 481 387 520 fidei
418 480 688 520 orthodoxae
722 480 963 519 acerrimus
1007 477 1128 516 iuxta
1159 487 1208 515 ac
1238 474 1608 515 feruentissimus.
1641 474 1684 513 Is
1714 473 1906 524 profecto

290 559 356 587 me
377 546 462 585 sibi
492 546 553 585 ita
574 545 788 591 deuinxit,
808 546 853 583 vt
875 543 1000 582 illum
1024 553 1113 580 non
1135 540 1282 580 minus
1304 551 1452 590 prope,
1474 550 1607 590 quam
1630 539 1684 586 te,
1707 537 1906 588 diligam,

288 623 338 652 ac
366 611 523 651 colam.
556 610 673 649 Haec
703 609 790 648 ille.
840 609 887 646 ln
918 606 1060 657 logica
1105 604 1292 644 lectione
1320 604 1417 643 loco
1448 603 1502 642 M.
1536 601 1755 642 Hermetis
1784 601 1909 641 docet

289 677 343 717 M.
376 675 642 716 Guilielmus
664 672 986 724 Lymburgius3
1011 670 1097 718 cui,
1123 672 1169 709 ut
1189 680 1433 720 speramus,
1466 668 1516 707 R.
1536 667 1584 708 T.
1606 666 1730 706 breui
1748 665 1909 706 substi-

290 743 381 782 tuet
410 740 725 792 philosophum
748 739 829 777 bac
860 736 1132 788 professione
1153 735 1353 786 dignum.
1378 733 1525 785 Pergit
1545 744 1697 784 graece
1718 732 1772 773 M.
1795 731 1910 771 Hen-

290 806 407 846 ricus
450 804 642 855 profiteri
686 804 838 854 gratus
867 804 907 841 et
939 801 1033 852 ipse
1077 799 1372 846 auditoribus,
1404 798 1569 850 quibus
1602 797 1690 836 iam
1720 807 1910 836 accesse-

290 872 393 910 runt
422 868 561 909 nostri
594 868 758 919 primae
792 866 948 906 classis
977 864 1202 914 discipuli,
1225 863 1301 915 qui
1339 863 1386 902 in
1416 862 1591 914 priuata
1620 860 1771 901 schola
1801 860 1910 900 adeo

291 935 582 986 profecerunt.
616 935 658 971 vt
688 932 742 971 ad
775 931 996 982 publicam
1026 929 1258 969 lectionem
1303 927 1450 968 idonei
1480 927 1777 967 censerentur.
1810 925 1912 964 Plu-

291 1012 373 1047 res,
406 1011 539 1050 quam
568 999 712 1044 antea,
741 996 913 1035 nobiles
943 994 1259 1042 adolescenteS,
1282 1005 1329 1033 se
1358 992 1523 1032 nostris
1552 991 1792 1031 adiunxere
1811 1001 1912 1030 con-

291 1063 552 1109 uictoribus,
584 1064 716 1113 atque
759 1060 986 1101 studiosis.
1034 1060 1151 1099 Inter
1193 1059 1275 1098 hos
1319 1058 1407 1098 duo
1449 1057 1499 1098 N.
1532 1055 1704 1096 Ernesti
1732 1055 1912 1094 aBaua-

293 1130 381 1169 riae
410 1127 635 1179 quondam
672 1126 807 1166 Ducis
837 1125 916 1165 filii
948 1127 974 1165 1.
1008 1125 1057 1164 In
1101 1123 1304 1174 proxima
1346 1122 1595 1162 studiorum
1626 1119 1913 1160 renouatione

290 1193 479 1234 studiosi
509 1192 691 1243 quidam
721 1190 961 1230 recitarunt
981 1189 1217 1236 orationes,
1240 1190 1283 1227 et
1312 1189 1513 1239 poemata
1541 1186 1587 1225 in
1616 1196 1777 1225 corona
1798 1195 1913 1223 com·

292 1258 559 1304 militonum,
603 1256 680 1307 qui
729 1267 824 1294 mos
885 1257 951 1294 est
994 1253 1314 1294 vsitatissimus
1357 1252 1428 1303 ijs,
1473 1251 1549 1303 qui
1601 1250 1765 1302 primae
1809 1249 1914 1288 sunt

291 1323 475 1370 classis3
507 1334 596 1373 qua
625 1321 672 1360 in
701 1333 746 1360 re
789 1322 960 1360 tantum
1008 1319 1298 1370 profecerunt,
1331 1320 1375 1357 vt
1418 1316 1669 1356 dialectices
1710 1315 1821 1354 fines
1850 1313 1914 1352 in-

292 1387 446 1439 gressi,
479 1387 655 1438 iamque
683 1386 796 1426 duas
825 1385 1036 1425 lectiones
1065 1383 1266 1435 publicas
1302 1381 1500 1434 quotidie
1528 1380 1682 1420 audire
1712 1377 1913 1430 permissi

292 1453 396 1493 sint.
430 1453 656 1491 Intersunt
683 1462 837 1490 omnes
868 1449 1076 1500 discipuli
1121 1447 1382 1499 quotidiano
1421 1458 1561 1493 sacro,
1592 1444 1721 1485 cuius
1764 1442 1914 1482 minis-

294 1519 409 1557 trum
439 1529 485 1556 se
515 1517 737 1567 praebere,
770 1517 815 1555 vt
844 1517 972 1554 antea
1017 1514 1231 1565 putabant
1265 1512 1566 1558 inhonestum,
1599 1509 1660 1549 ita
1689 1520 1809 1549 nunc
1838 1519 1915 1558 pro

294 1582 424 1621 laude
452 1582 622 1621 ducunt.
650 1580 782 1620 etiam
813 1579 1054 1619 nobiliores
1083 1581 1125 1618 et
1153 1577 1385 1624 doctiores,
1407 1576 1484 1627 qui
1515 1574 1729 1614 modestia
1758 1575 1800 1613 et
1828 1571 1916 1623 pie-

294 1648 381 1686 tate
412 1646 553 1697 magis
583 1645 812 1696 magisque
841 1656 887 1684 se
917 1644 1105 1683 reddunt
1134 1641 1411 1693 spectabiles.
1436 1640 1563 1690 Quod
1591 1651 1690 1679 cum
1721 1636 1916 1677 animad-

295 1723 470 1751 versum
500 1713 615 1750 esset
643 1722 668 1749 a
699 1710 805 1749 R.1¹¹0
835 1709 1042 1760 episcopo
1071 1708 1308 1759 eystatensi
1329 1708 1360 1754 ²,
1390 1707 1440 1745 10
1465 1706 1650 1745 iuuenes
1679 1702 1916 1743 canonicos

294 1778 336 1816 et
365 1776 503 1816 sacris
544 1775 779 1815 ordinibus
814 1774 1028 1822 initiatos,
1060 1784 1172 1824 quos
1201 1772 1247 1811 in
1277 1771 1456 1822 publico
1485 1770 1632 1809 alebat
1667 1767 1914 1820 gymnasio,

294 1841 614 1881 examinandos
642 1840 808 1880 nostris
832 1838 1008 1885 obtulit,
1031 1840 1073 1877 et
1101 1836 1392 1882 examinatos,
1415 1834 1636 1875 classibus
1666 1844 1743 1884 pro
1772 1831 1918 1871 cuius-

295 1918 379 1958 que
408 1906 662 1946 conditione
705 1904 964 1944 inserendos
1002 1902 1190 1943 curauit.
1238 1902 1287 1940 In
1318 1901 1389 1940 his
1418 1900 1599 1952 quidam
1634 1900 1738 1938 sunt
1769 1898 1918 1936 bacca-

296 1971 435 2011 laurei
483 1970 660 2019 artium,
692 1981 845 2009 omnes
877 1980 977 2008 vero
1020 1980 1070 2007 eo
1114 1967 1285 2015 habitu,
1317 1966 1393 2017 qui
1436 1963 1741 2005 sacerdotibus
1783 1962 1918 2002 huius

296 2036 462 2088 patriae
493 2036 742 2075 communis
772 2037 851 2082 est,
886 2033 1046 2074 vestiti.

375 2101 413 2140 5.
446 2101 502 2141 Vt
532 2100 577 2139 in
608 2099 792 2151 reliquis
812 2099 896 2139 sim
918 2098 1106 2145 brevior,
1129 2098 1333 2137 seruatur
1361 2094 1594 2135 Societatis
1623 2096 1799 2133 nostrae
1818 2103 1919 2131 con-

297 2165 485 2206 suetudo
515 2165 562 2204 in
604 2164 895 2205 concionibus
924 2165 965 2203 et
1007 2161 1393 2202 exhortationibus
1422 2159 1615 2211 publicis
1643 2160 1686 2198 et
1715 2157 1915 2209 priuatis.

298 2231 496 2271 Habetur
525 2231 579 2270 de
609 2242 728 2269 more
772 2229 895 2269 festis
925 2228 1083 2267 diebus
1113 2239 1257 2266 sermo
1296 2225 1464 2265 latinus
1508 2224 1564 2263 ad
1607 2223 1847 2269 studiosos,
1878 2223 1919 2261 et

298 2296 578 2347 germanicus
608 2295 664 2334 ad
694 2294 922 2346 populum.
956 2293 1178 2339 Fructum,
1212 2291 1306 2331 dies
1335 2290 1545 2330 omnibus
1575 2288 1741 2328 sanctis
1770 2298 1920 2327 conse-

297 2363 460 2409 cratus,
505 2363 548 2400 et
590 2360 724 2400 feriae
766 2358 1001 2399 nataliciae
1042 2357 1272 2396 manifeste
1311 2355 1615 2407 prodiderunt.
1662 2352 1764 2393 Fuit
1800 2352 1919 2391 enim

299 2426 457 2477 ingens
499 2424 801 2465 accedentium
831 2423 885 2463 ad
930 2434 1127 2462 mensam
1170 2420 1349 2461 Domini
1380 2422 1485 2460 tunc
1515 2429 1726 2459 numerus
1755 2416 1920 2457 studio·

299 2502 449 2530 sorum
479 2492 521 2529 et
549 2489 717 2529 ciuium
748 2488 1024 2538 maximeque
1055 2486 1305 2533 mulierum,
1328 2486 1523 2536 quantus
1553 2483 1599 2522 in
1628 2483 1711 2522 hac
1740 2480 1922 2521 insolita

362 2702 381 2721 a
401 2690 546 2722 Ernesti
569 2689 662 2722 add.
686 2689 774 2722 alia
796 2697 933 2721 manu,

364 2865 373 2882 ¹
397 2863 566 2895 Iustinus
589 2863 625 2894 et
648 2862 894 2899 Iustinianus,
912 2860 1017 2892 ducis
1034 2859 1178 2891 Ernesti
1204 2858 1269 2890 filii
1287 2857 1488 2890 naturales.
1507 2855 1558 2889 Cf.
1577 2855 1768 2887 MEDERER:
1787 2853 1922 2885 Amm-

302 2917 357 2949 Ies
373 2915 706 2956 Ingyolstctdiewse's
730 2914 979 2949 Academiae,
1006 2912 1032 2947 Ι,
1056 2913 1127 2944 264.
1155 2912 1234 2943 Dux
1259 2911 1437 2943 Ernestus
1463 2909 1557 2941 obiit
1580 2917 1704 2940 mense
1728 2908 1810 2940 Dec.
1830 2907 1920 2939 1560.

303 2969 354 3001 Cf,
372 2968 574 3001 Cumsom:
603 2967 853 3007 Genealogyicz,
879 2966 954 2998 tab.
979 2964 1139 3003 CXXVI;
1166 2964 1297 3003 Eussm„
1324 2963 1384 3002 III,
1415 2963 1487 3002 0288,
1511 2962 1588 2997 309:
1611 2959 1851 3002 Allglemeine
1874 2958 1919 2991 D.

303 3021 556 3062 Biogyraphie,
582 3020 641 3060 VI,
666 3021 737 3052 249.

365 3078 377 3095 ²
400 3075 581 3107 Martinus
605 3083 627 3106 a
650 3073 911 3114 Schaumberg.
