2028 3531
329 259 398 295 784
805 259 1009 296 errssnAE
1043 259 1387 303 Qummmss'rnsss

281 378 411 416 rebus
440 377 610 417 diuinis
630 377 907 425 instituendi,
939 377 1102 428 quibus
1124 377 1217 427 ipse
1249 376 1494 425 praefectus
1514 378 1594 416 est.
1627 376 1770 426 Quare
1793 378 1902 418 mul-

280 441 336 481 tis
368 442 666 481 1110111ῑ11111111ΕΙ
696 442 922 492 coenobijs
944 442 1005 481 ita
1035 442 1180 480 dictus
1202 441 1330 479 Pater
1361 442 1546 490 praeest,
1570 442 1618 480 ut
1647 453 1746 480 cum
1777 442 1901 482 nulla

282 507 450 546 ratione
470 507 709 546 obstrictus
731 509 944 553 teneatur,
970 505 1264 545 nihilominus
1287 504 1491 555 religiose
1512 505 1695 545 uiuendi
1726 506 1901 557 regulas

281 571 563 621 praescribat,
596 574 773 623 totaque
797 571 984 621 collegia
1015 570 1178 610 iudicio
1210 569 1386 619 penitus
1407 569 1678 621 arbitrioque
1707 582 1789 610 suo
1810 583 1901 610 mo-

279 636 467 676 deretur.
501 637 615 676 Hinc
644 637 774 676 etiam
806 637 881 688 alij
916 637 1066 675 Patres
1098 634 1317 673 interdum
1358 634 1412 673 ad
1442 646 1493 673 ea
1522 634 1618 674 loca
1648 635 1898 683 mittuntur,

280 703 327 741 ut
350 701 434 753 pijS
464 701 852 741 adhortationibus
874 701 1104 749 religiosas
1135 699 1329 749 virgines
1348 698 1554 747 excitent,
1586 701 1627 738 et
1656 700 1794 739 sacris
1816 711 1902 740 me-

279 765 573 805 ditationibus
603 765 901 815 proponendis
931 765 1173 803 exerceant.
1207 763 1291 802 Sed
1329 764 1372 802 et
1400 774 1551 802 earum
1581 763 1897 811 confessiones,

278 841 407 880 saepe
437 830 678 880 generales,
700 830 903 876 audiunt,
935 841 1035 869 cum
1063 829 1105 867 id
1138 828 1380 878 permultae
1402 827 1606 878 precibus
1634 827 1897 879 efflagitent3

278 895 394 944 quod
431 896 545 934 certe
576 894 734 933 mirum
776 894 916 934 uideri
949 895 1103 944 potest.
1129 892 1237 932 Cum
1268 893 1385 931 enim
1415 894 1545 932 antea
1575 893 1663 932 fere
1692 904 1846 933 omnes
1875 905 1900 932 a

277 958 494 1009 frequenti
526 961 900 998 sacramentorum
932 971 1013 998 usu
1046 959 1192 997 essent
1218 957 1456 996 admodum
1486 957 1672 1005 alienae,
1704 957 1900 1008 adeoque

277 1035 304 1062 a
332 1022 498 1062 nostris
527 1034 621 1061 eam
643 1023 699 1061 ob
728 1034 905 1062 causam
928 1023 1215 1061 abborrerent
1248 1021 1281 1065 b,
1315 1024 1361 1060 ut
1387 1021 1464 1060 uix
1493 1032 1643 1061 eorum
1674 1023 1899 1072 aspectum

278 1087 388 1127 ferre
409 1089 612 1138 possent;
644 1099 764 1127 nunc
784 1087 1077 1126 libentissime
1107 1098 1256 1125 eorum
1280 1085 1482 1137 consilijs
1502 1088 1673 1137 parent,
1696 1088 1736 1125 et
1766 1098 1899 1137 quam

276 1153 536 1204 saepissime
555 1152 752 1192 confiteri
774 1164 824 1192 ac
853 1153 1083 1192 caelestem
1106 1152 1268 1197 cibum,
1301 1151 1480 1202 saepius
1501 1151 1634 1190 etiam
1665 1150 1711 1190 in
1733 1151 1900 1191 hebdo-

277 1218 420 1265 mada,
443 1218 665 1268 suscipere
686 1217 963 1268 percupiunt.
988 1217 1232 1263 Praeterea,
1256 1228 1355 1255 cum
1378 1216 1420 1254 id
1452 1216 1498 1255 in
1528 1216 1611 1255 hac
1635 1217 1737 1255 vrbe
1758 1216 1896 1256 ueteri

276 1282 597 1322 consuetudine
626 1282 717 1321 fieri
748 1282 1043 1328 consueuerit,
1077 1284 1125 1321 ut
1148 1292 1415 1332 unoquoque
1445 1292 1564 1320 anno
1594 1281 1730 1320 semel
1759 1281 1899 1320 omni-

277 1347 360 1387 bus
390 1346 671 1397 presbyteris,
712 1346 788 1397 qui
828 1346 873 1385 in
904 1346 986 1385 hac
1023 1345 1213 1385 dioecesi
1244 1357 1395 1384 curam
1434 1345 1686 1384 animarum
1716 1345 1897 1393 habent,

276 1424 419 1452 sermo
450 1412 495 1451 in
517 1423 690 1451 summo
721 1411 884 1461 templo
905 1411 958 1450 de
988 1411 1165 1450 illorum
1189 1410 1348 1461 officijs
1370 1410 1607 1457 habeatur;
1636 1410 1680 1449 id
1704 1410 1899 1449 muneris

276 1477 360 1517 hoc
388 1489 521 1523 anno,
553 1478 602 1516 ut
630 1476 838 1515 omnibus
868 1476 955 1515 fere
981 1475 1302 1526 superioribus,
1336 1475 1422 1514 Pri.
1457 1475 1631 1514 Rectori
1661 1475 1717 1514 ab
1745 1475 1898 1515 eodem

276 1543 327 1582 R.
352 1543 402 1582 D.
430 1542 597 1582 vicario
626 1541 820 1581 delatum
851 1541 948 1580 fuit.
982 1542 1266 1591 Impetratum
1301 1540 1432 1579 etiam
1472 1542 1537 1579 est
1566 1541 1622 1580 ab
1651 1540 1818 1588 eodem,
1850 1543 1898 1580 ut

276 1620 393 1647 unus
413 1619 466 1647 ex
494 1606 660 1646 nostris
682 1607 890 1645 Patribus
910 1606 978 1645 bis
1000 1606 1191 1657 singulis
1213 1605 1504 1644 hebdomadis
1524 1617 1654 1645 casus
1673 1605 1898 1645 conscien-

274 1673 362 1712 tiae
391 1672 600 1711 omnibus
629 1671 947 1718 sacerdotibus,
979 1671 1055 1722 qui
1086 1671 1257 1721 paroeci
1299 1672 1527 1717 vocantur,
1560 1670 1734 1721 publice
1762 1670 1898 1722 expli-

274 1739 413 1785 caret;
447 1749 499 1777 ex
528 1736 692 1787 quibus
721 1736 930 1775 omnibus
959 1735 1286 1786 quamplurima
1317 1736 1372 1774 ad
1411 1736 1611 1786 pastores
1640 1746 1690 1774 ac
1719 1735 1774 1774 ad
1804 1746 1897 1786 gre-

274 1814 371 1853 gem
402 1802 535 1841 simul
564 1801 795 1841 commoda
825 1800 1108 1851 proueniunt.

353 1867 391 1906 5.
424 1866 565 1913 Nunc,
597 1868 645 1905 ut
674 1865 885 1916 quiddam
915 1865 1149 1916 subijciam
1172 1866 1290 1915 quod
1313 1865 1358 1904 in
1381 1865 1494 1904 hanc
1515 1865 1699 1904 eandem
1722 1867 1894 1904 senten-

273 1931 379 1971 tiam
410 1942 505 1970 sese
525 1931 666 1977 offert,
690 1929 750 1969 rei
772 1929 1141 1968 demonstrandae
1163 1929 1341 1969 initium
1367 1930 1499 1980 paulo
1520 1929 1655 1969 altius
1685 1931 1892 1980 repetam.

274 1996 381 2036 Cum
414 1995 720 2035 nobilissimus
754 1994 935 2045 quidam
980 1995 1185 2034 sacerdos
1229 1995 1453 2034 lusitanus
1483 1997 1513 2041 1,
1545 2006 1571 2034 a
1599 2006 1681 2034 suo
1711 2006 1811 2045 rege
1840 1994 1895 2034 ad

272 2061 507 2101 concilium
554 2060 732 2105 missus,
766 2060 847 2098 hac
878 2059 1178 2108 pertransiret,
1213 2062 1412 2099 nostrum
1456 2059 1709 2110 collegium,
1741 2061 1790 2099 ut
1818 2059 1894 2110 qui

272 2126 384 2165 alias
413 2124 670 2165 Lusitaniae
701 2126 850 2163 nostra
879 2123 1095 2163 Societate
1126 2124 1474 2163 familiarissime
1504 2136 1613 2164 usus
1642 2124 1801 2171 fuerat,
1830 2124 1895 2163 in-

273 2191 394 2239 uisit‚
426 2193 468 2230 et
497 2191 697 2237 fratrum,
732 2191 777 2229 ut
806 2189 980 2228 credere
1010 2191 1089 2235 est,
1121 2190 1443 2228 consuetudine
1486 2191 1618 2240 atque
1661 2188 1891 2235 modestia,

272 2268 385 2308 quae
414 2256 499 2296 sibi
529 2268 555 2294 a
583 2263 598 2281 0
632 2255 822 2306 pueritia
852 2256 956 2293 nota
986 2254 1142 2297 fuerat,
1176 2255 1409 2301 inuitatus,
1441 2267 1540 2294 cum
1580 2254 1718 2294 alium
1747 2254 1893 2294 locum

272 2335 360 2373 quo
389 2322 529 2362 tutius
558 2323 689 2372 atque
719 2320 951 2360 honestius
971 2320 1222 2367 diuerteret‚
1246 2320 1418 2359 nullum
1441 2332 1537 2360 esse
1566 2319 1838 2359 existimaret
1857 2318 1890 2368 d,

272 2387 503 2426 nobiscum
533 2386 706 2426 circiter
737 2385 784 2423 15
818 2384 912 2423 dies
955 2396 1050 2423 esse
1095 2385 1252 2431 uoluit,
1286 2396 1385 2424 cum
1417 2385 1461 2424 id
1490 2397 1515 2424 a
1545 2385 1596 2424 R.
1631 2385 1678 2424 P.
1712 2385 1894 2424 Rectore

272 2464 350 2503 pro
380 2451 474 2491 suis
504 2451 550 2490 in
580 2450 841 2490 Societatem
885 2449 1053 2488 meritis
1084 2449 1287 2499 precibus
1318 2449 1609 2500 impetrasset.
1643 2449 1739 2499 Quo
1768 2448 1892 2488 breui

332 2591 349 2609 a
373 2582 590 2614 monialium
614 2580 744 2612 multis
760 2580 802 2611 in
821 2589 890 2612 ms.
908 2588 918 2611 :
933 2579 1001 2611 secl
1024 2578 1169 2609 Niteris
1187 2587 1208 2610 a
1235 2580 1268 2610 et
1292 2578 1313 2609 1)
1333 2578 1595 2620 superpositis
1612 2578 1821 2610 indicatur
1835 2587 1893 2610 or-

269 2636 404 2675 dinem
427 2634 676 2666 mutcmdam.
692 2652 729 2655 —
744 2633 761 2659 b
781 2632 1062 2665 abhorrererent
1087 2640 1156 2663 ms.
1181 2650 1220 2653 —
1244 2640 1259 2658 ο
1280 2631 1441 2663 Emend.
1466 2641 1513 2663 0oe
1536 2632 1594 2664 ad.
1619 2650 1658 2653 —
1681 2631 1700 2658 d
1725 2631 1892 2664 Obscura

270 2690 445 2723 ὤσειν-πη·
467 2687 589 2728 prius
613 2685 856 2719 existimauit.

333 2818 340 2835 ¹
366 2816 628 2849 Verisimiliter
650 2815 722 2847 fuit
746 2815 778 2846 is
804 2815 965 2846 Didacus
989 2814 1111 2855 Payva
1134 2814 1178 2846 de
1202 2813 1373 2846 Andrade
1396 2814 1604 2855 (1528-1575)
1627 2813 1704 2855 qui,
1729 2813 1887 2845 durante

270 2870 434 2901 Concilio
457 2869 674 2907 tridentino,
700 2868 897 2900 Societatis
922 2867 1004 2899 Iesu
1028 2867 1235 2908 apologiam
1270 2868 1421 2908 scripsit
1454 2867 1565 2899 initio
1591 2867 1730 2907 operis:
1760 2867 1891 2898 ortho-

270 2923 465 2954 dommum
488 2921 796 2963 elrplicczsto‘omme
821 2920 917 2952 libri
941 2920 998 2955 10,
1024 2929 1121 2951 anno
1158 2921 1236 2951 1564
1265 2920 1438 2952 Coloniae
1461 2921 1497 2952 et
1521 2920 1687 2952 Venetiis
1710 2920 1813 2952 editi.
1840 2920 1890 2952 De

270 2975 339 3007 hac
373 2975 565 3016 apologiae
589 2974 855 3015 compositione
880 2973 997 3005 multa
1020 2973 1187 3004 invenies
1212 2973 1249 3004 in
1274 2973 1397 3014 Epist.
1423 2973 1465 3005 Ι).
1495 2971 1641 3008 Nadab.
1674 2972 1706 3004 II
1729 2974 1764 3004 et
1787 2972 1885 3013 apud

273 3027 584 3059 BRAuNsnERussR:
612 3027 653 3058 B.
679 3026 722 3058 P.
754 3025 911 3058 canisii
936 3025 1070 3066 Epist„
1096 3024 1156 3063 ΙΙΙ,
1183 3025 1252 3057 sub
1276 3025 1402 3057 verbo:
1429 3025 1550 3066 Payva
1573 3025 1617 3057 de
1640 3024 1822 3057 Andrade.
