2028 3531
355 274 422 309 7¹18
827 277 1029 313 hirmuini
1064 278 1407 321 QUADRIMESTRES

309 392 503 432 citantur
532 394 584 432 de
617 394 822 444 parocho,
854 395 907 434 ad
938 407 1065 445 quem
1098 406 1194 433 eum
1227 394 1291 433 eis
1321 394 1536 444 patuisset
1568 407 1786 443 accessus,
1816 398 1926 436 trac-

308 458 474 509 tatique
503 460 558 498 ab
588 472 638 498 eo
670 460 921 499 humaniter
952 461 1152 504 fuissent,
1185 459 1329 510 coepit
1376 460 1557 510 quidam
1604 472 1678 511 pro
1728 473 1847 501 more
1875 462 1928 501 de

307 523 479 573 pietate,
514 524 605 563 uita
634 527 675 563 et
707 525 902 564 moribus
930 524 1187 563 christianis
1229 536 1327 563 cum
1359 536 1410 563 eo
1443 525 1573 574 paulo
1618 525 1800 565 liberius
1830 526 1922 565 dis-

307 599 463 627 serere.
501 589 736 627 Placebant
764 589 801 627 ei
834 589 973 639 prima
1020 591 1159 627 fronte
1203 588 1368 633 omnia,
1400 591 1620 627 coeterum
1666 589 1711 628 in
1750 589 1833 629 hoc
1874 596 1927 633 δὶς

307 658 488 691 &mmmm
519 652 611 704 [sic]
643 665 667 692 a
698 656 849 693 nostro
884 654 930 693 Ιί.
969 655 1011 693 l'.
1037 653 1341 699 dissentiebat,
1366 653 1481 703 quod
1515 653 1561 692 in
1595 654 1803 705 coniugio
1834 654 1926 702 illo,

306 717 422 767 quod
453 729 551 756 cum
582 719 827 757 concubina
859 720 1150 761 contraxerat,
1179 717 1349 756 nullum
1374 718 1556 756 subesse
1586 721 1925 766 sacramentum,

309 781 370 819 ita
400 783 447 820 ut
476 781 569 832 ipse
598 783 818 829 censebat,
843 785 1001 821 temere
1026 783 1231 821 effutiret.
1266 782 1447 821 Dicebat
1466 782 1582 821 enim
1614 794 1675 831 se,
1708 783 1752 822 ni
1783 783 1926 831 fallor,

307 858 406 885 cum
428 846 523 886 R.¹¹¹i
558 847 770 893 Nauseae,
797 848 1050 886 viennensis
1071 847 1294 898 quondam
1317 847 1511 897 episcopi
1540 849 1569 894 1,
1592 859 1811 888 consensu
1832 860 1927 888 eam

307 910 487 950 duxisse
517 911 561 950 in
595 924 789 959 uxorem,
821 913 1096 963 addebatque
1127 912 1218 951 fieri
1252 923 1340 950 non
1372 923 1500 962 posse
1531 913 1778 961 (honestam
1809 913 1928 953 scili-

307 977 373 1014 cet
394 975 508 1015 hanc
528 988 705 1015 causam
728 989 834 1017 suae
854 978 1009 1027 culpae
1032 976 1321 1027 praetexens),
1346 977 1409 1016 uti
1431 977 1532 1026 quis
1562 977 1633 1016 his
1653 977 1929 1018 difficillimis

309 1040 581 1089 temporibus
619 1043 736 1080 caste
780 1042 964 1081 uiueret.
999 1042 1229 1081 Coeterum
1274 1041 1524 1080 rationibus
1566 1042 1742 1081 tandem
1773 1044 1814 1081 et
1844 1042 1930 1093 pijs

308 1104 518 1154 praedicti
551 1106 694 1145 Patris
723 1106 924 1156 consiliis
956 1107 1114 1150 uictus,
1149 1107 1319 1145 tantum
1347 1108 1412 1145 est
1442 1108 1618 1157 repente
1649 1108 1845 1146 mutatus
1874 1107 1929 1146 ab

307 1169 400 1215 illo,
433 1172 480 1209 ut
510 1170 603 1220 ipse
632 1182 757 1210 suam
788 1171 1097 1213 concubinam.
1129 1173 1171 1209 et
1201 1171 1296 1221 ipsa
1329 1171 1556 1210 uiceuersa
1584 1183 1682 1210 eum
1714 1172 1927 1219 deserere,

306 1236 347 1273 et
379 1246 558 1284 prorsus
590 1235 717 1282 uelle,
751 1236 865 1275 bona
897 1236 979 1275 tide
1009 1236 1339 1287 pollicerentur.
1373 1236 1488 1285 Quin
1521 1235 1609 1275 imo
1644 1236 1718 1275 illa
1754 1248 1929 1287 quoque

307 1298 481 1345 adiecit,
513 1311 559 1338 se
590 1300 770 1339 barbam
800 1313 932 1351 quani
964 1313 1137 1340 summo
1168 1300 1316 1339 studio
1346 1300 1506 1345 alebat,
1537 1312 1670 1351 quam
1713 1301 1929 1351 otijssime

307 1364 594 1410 abrasurum;
627 1364 785 1404 deinde
818 1377 998 1415 pensum
1032 1377 1214 1404 suarum
1246 1366 1470 1411 horarum,
1502 1365 1620 1416 quod
1664 1365 1817 1404 multis
1855 1377 1930 1404 an-

309 1428 379 1467 nis
409 1429 674 1477 neglexerat,
708 1430 797 1469 Deo
828 1430 1012 1480 posthac
1041 1430 1276 1480 diligenter
1308 1430 1651 1480 persoluturum,
1683 1441 1733 1469 ac
1763 1432 1929 1480 postre-

308 1504 379 1531 mo
409 1493 492 1532 sub
523 1495 709 1544 utraque
738 1494 881 1544 specie
918 1506 995 1534 nec
1041 1506 1178 1545 prece,
1212 1506 1290 1533 nec
1320 1494 1509 1545 praecio,
1542 1494 1630 1534 imo
1673 1506 1752 1534 nec
1794 1494 1930 1534 armis

308 1558 503 1608 quidem,
537 1560 584 1597 ut
613 1561 729 1606 ante,
762 1561 1037 1598 sacramenta
1079 1559 1316 1598 commisso
1350 1559 1436 1598 sibi
1482 1559 1603 1610 gregi
1647 1559 1929 1599 administra-

307 1625 471 1663 turum.

386 1688 424 1727 a).
460 1688 645 1727 Possent
675 1688 745 1727 hic
775 1689 863 1727 alia
893 1689 1089 1728 eiusdem
1120 1690 1208 1727 fere
1238 1689 1412 1740 generis
1432 1689 1646 1740 exempla,
1669 1701 1782 1740 quae
1807 1688 1852 1727 in
1873 1688 1929 1739 ijs

307 1752 434 1803 pagis
463 1764 576 1803 quae
606 1753 813 1804 picardis,
845 1754 1077 1801 sabatinis,
1111 1754 1349 1800 nicolaitiS,
1385 1754 1695 1805 anabaptistis,
1727 1755 1769 1793 et
1797 1753 1929 1793 etiam

308 1817 465 1865 iudeis,
498 1820 663 1857 scatere
687 1819 822 1869 uulgo
844 1819 1078 1866 iactantur,
1110 1819 1264 1858 diuina
1296 1819 1375 1858 Dei
1406 1818 1707 1858 misericordia
1738 1818 1930 1870 contige-

308 1885 424 1931 runt,
458 1882 502 1921 in
535 1883 726 1922 medium
757 1883 927 1930 afferri,
951 1884 1027 1923 sed
1048 1896 1098 1922 ea
1127 1896 1223 1923 cum
1257 1896 1308 1922 ex
1340 1883 1410 1923 his
1431 1886 1472 1923 et
1492 1883 1781 1934 sequentibus
1802 1883 1929 1923 facile

307 1947 466 1997 conijci
513 1948 697 1998 possint,
732 1948 963 1987 breuitatis
992 1960 1125 1988 causa
1151 1948 1509 1999 praetermittam.
1544 1948 1658 1988 Illud
1679 1959 1833 1988 omnes
1861 1950 1929 1987 sat

308 2012 457 2051 mirari
489 2024 577 2051 non
610 2015 828 2063 poterunt,
851 2014 967 2064 quod
999 2025 1097 2053 cuin
1130 2014 1303 2053 nullum
1325 2016 1402 2053 aut
1421 2013 1709 2061 concionado,
1732 2015 1809 2052 aut
1830 2025 1928 2064 pro-

306 2077 475 2117 ximum
506 2078 693 2128 priuatis
722 2079 923 2130 consilijs
953 2079 1165 2126 iuuando,
1189 2082 1265 2118 aut
1296 2090 1538 2129 pauperum
1559 2078 1802 2118 commodis
1833 2078 1927 2118 ubi-

305 2154 390 2193 que
420 2142 705 2182 inseruiendo
735 2144 931 2183 studium
962 2144 1121 2182 salutis
1151 2143 1400 2183 animarum
1431 2144 1574 2183 omitti
1597 2156 1622 2182 a
1648 2143 1812 2182 nostris
1841 2155 1928 2182 cer-

307 2210 475 2255 nerent,
507 2219 583 2247 eos
613 2210 758 2247 tamen
788 2208 948 2259 spretis
977 2220 1107 2258 saepe
1137 2208 1253 2247 ultro
1291 2208 1454 2247 oblatis
1496 2208 1705 2259 hospitiis
1733 2210 1775 2247 et
1803 2207 1928 2247 lectis

304 2272 694 2322 splendidissimis,
714 2275 790 2312 aut
806 2273 860 2312 ad
880 2275 1130 2323 egrotorum
1152 2273 1282 2312 aedes
1302 2273 1543 2320 deflectere,
1562 2275 1639 2312 aut
1655 2273 1701 2312 in
1717 2272 1925 2319 scamnis,

306 2348 641 2388 nonnumquam
690 2338 822 2377 etiam
852 2337 974 2377 humi
1005 2340 1047 2377 et
1076 2339 1159 2377 sub
1188 2338 1261 2377 dio
1296 2339 1471 2383 cubare,
1503 2338 1787 2388 ostiatimque
1820 2337 1927 2376 elee-

307 2413 516 2452 mosynas
547 2414 707 2453 magno
736 2415 836 2442 cum
866 2403 1015 2441 labore
1054 2405 1197 2453 petere
1231 2403 1577 2453 conspiciebant.
1610 2403 1734 2442 Vnde
1764 2402 1927 2453 factum

306 2468 386 2513 est,
419 2468 467 2505 ut
495 2479 585 2506 non
615 2479 714 2506 raro
746 2467 830 2519 pijs
859 2467 931 2506 his
960 2470 1212 2507 nostrorum
1243 2468 1457 2518 exemplis
1500 2467 1693 2513 adducti,
1738 2466 1812 2518 alij
1855 2478 1927 2506 cu-

307 2542 397 2569 ram
438 2531 680 2571 illustrium
724 2531 1002 2582 quarundam
1050 2532 1375 2582 parochiarum,
1408 2531 1857 2571 ludimoderatoribus
1885 2532 1928 2570 et

305 2595 710 2643 concionatoribus,
742 2608 854 2648 quos
884 2596 929 2635 in
960 2596 1197 2647 perniciem
1227 2596 1460 2636 ciuitatum
1491 2609 1514 2636 a
1545 2608 1591 2636 se
1620 2596 1679 2635 ali
1705 2596 1923 2643 dicebant,

305 2660 624 2708 exterminatis,
657 2673 808 2700 eorum
840 2660 954 2708 fidei,
987 2660 1160 2711 magnis
1190 2661 1430 2711 propositis
1455 2661 1645 2712 salariJ's,
1668 2660 1927 2700 concredere

305 2724 488 2764 omnino
517 2726 707 2770 uellent;
740 2725 816 2777 alij
849 2737 980 2771 noua,
1014 2725 1163 2764 missis
1192 2726 1246 2764 ad
1278 2726 1451 2765 Patrem
1498 2726 1725 2765 Rectorem
1768 2724 1923 2772 literis,

305 2789 512 2829 Societati
543 2790 730 2841 collegia
758 2790 947 2841 erigere;
980 2789 1055 2840 alij
1088 2790 1252 2829 nostris
1281 2802 1306 2829 a
1335 2802 1381 2829 se
1416 2790 1722 2830 recedentibus
1751 2788 1926 2829 benedi·

305 2854 443 2894 cendo
473 2855 686 2894 clamare:
719 2854 851 2894 ducat
881 2866 961 2893 uos
990 2856 1031 2893 et
1061 2854 1240 2894 reducat
1282 2855 1527 2894 incolumes
1558 2855 1686 2894 Pater
1714 2856 1756 2894 et
1786 2853 1926 2893 Filius

353 3002 363 3020 ¹
387 3001 595 3033 Fridericus
608 3001 756 3033 Nausea
767 3001 1006 3033 viennensem
1019 3000 1211 3032 ecclesiam
1229 3001 1323 3033 rexit
1340 3001 1385 3033 ab
1402 3010 1499 3033 anno
1517 3001 1597 3033 1539
1612 3001 1658 3033 ad
1676 3001 1765 3033 1552.
1784 3000 1922 3032 EUBEL:

304 3053 590 3087 Hier-archia...
615 3054 677 3094 ΙΙΙ,
702 3054 775 3086 354.
