2028 3531
520 279 600 315 6028.
628 301 671 304 —
701 280 887 316 Bonosus.
916 280 959 315 10
988 279 1215 315 FEBRUARH
1246 278 1334 315 1562
1637 277 1703 313 787

118 398 336 438 charitate
369 405 491 436 anon
521 410 661 448 pauca
693 399 822 438 nobis
843 399 1035 438 afferunt
1057 398 1304 443 commoda,
1328 397 1635 448 superioribus
1664 395 1753 435 die-

121 466 206 504 bus
234 462 436 512 contigit.
469 462 579 503 Cum
610 464 739 503 Pater
767 464 949 515 quidam
981 463 1214 503 Societatis
1244 465 1422 502 nostrae
1451 461 1671 501 subucula
1700 472 1753 500 ex

120 531 256 581 longo
286 528 443 568 itinere
472 529 712 568 admodum
742 530 921 569 sordida
944 530 1129 569 indutus
1155 530 1237 568 hac
1269 528 1567 579 pertransiret,
1591 527 1630 567 ei
1661 539 1756 566 mu-

122 594 236 643 lieri,
259 594 312 633 de
341 605 431 644 qua
460 605 579 633 nunc
610 595 806 640 memini,
830 595 1053 634 abluenda
1074 594 1294 634 subucula
1322 594 1406 633 fuit
1432 593 1617 636 tradita:
1641 604 1756 644 quae

121 671 222 699 cum
253 659 377 698 illam
408 658 602 697 maximo
637 659 868 699 charitatis
912 660 1071 699 affectu
1117 659 1382 709 suscipiens,
1415 657 1757 698 succedentibus

122 725 267 776 aquis,
300 735 461 775 magno
491 724 670 763 tandem
701 725 851 764 labore
896 727 1143 775 purgasset,
1176 724 1359 775 ignique
1398 723 1653 763 siccandam
1682 734 1756 773 ap-

123 790 361 841 posuisset,
393 801 490 828 ecce
521 789 753 829 insolitum
786 802 835 829 ac
865 801 1048 829 suauem
1072 790 1250 829 odorem
1281 789 1444 835 sensit;
1479 788 1758 839 maximeque

123 856 185 895 rei
229 855 430 894 nouitate
472 855 792 905 obstupescens
837 855 1010 894 uicinas
1054 857 1284 902 conuocat,
1322 854 1587 894 subuculam
1630 853 1758 892 affert

122 920 412 966 odorandam,
446 920 660 970 pristinas
691 920 814 959 illius
844 920 997 959 sordes
1026 920 1222 971 exponit,
1256 920 1519 959 miraculum
1566 918 1758 969 denique

123 998 278 1026 omnes
301 985 510 1025 fatentur.
544 984 670 1034 Quod
701 997 808 1024 sane
840 985 937 1024 ideo
957 985 1118 1025 factum
1138 985 1384 1025 existimari
1403 984 1546 1033 debet,
1570 986 1619 1024 ut
1635 995 1757 1034 prae-

123 1052 263 1092 mium
292 1051 476 1102 aliquod
508 1051 667 1090 mulier
705 1051 871 1101 optima
904 1051 1242 1090 ardentissimae
1271 1050 1503 1090 charitatis
1533 1049 1758 1100 reciperet.

202 1117 240 1156 9.
274 1116 439 1156 Verum
468 1115 681 1166 quoniam
715 1117 760 1154 ut
791 1115 885 1166 ipse
916 1115 1134 1154 Dominus
1164 1117 1353 1155 testatus
1378 1116 1459 1161 est,
1492 1126 1570 1154 nec
1600 1125 1761 1153 seruus

124 1182 305 1223 domino
335 1193 433 1227 suo,
457 1192 537 1220 nec
566 1181 798 1231 apostolus
818 1192 884 1227 eo,
914 1181 1059 1231 quise
1090 1180 1225 1227 misit,
1250 1180 1391 1219 maior
1419 1191 1515 1219 esse
1548 1181 1689 1230 potest
1728 1181 1758 1226 1,

124 1248 288 1288 idcirco
318 1246 469 1286 minus
500 1246 677 1293 mirum,
709 1246 820 1297 quin
856 1245 1003 1296 potius
1034 1246 1176 1297 magis
1206 1248 1379 1296 gratum
1420 1256 1516 1284 esse
1545 1245 1689 1292 debet,
1721 1244 1760 1284 si

123 1312 487 1366 quandoquidem
522 1311 717 1351 mundus
747 1311 989 1350 Dominum
1027 1310 1179 1350 Jesum
1209 1310 1311 1350 odio
1350 1310 1508 1349 habuit
1538 1321 1589 1349 ac
1618 1321 1762 1360 perse-

123 1381 255 1419 cutus
283 1380 364 1425 est,
397 1377 513 1417 idem
544 1376 807 1417 Societatem
837 1388 1015 1427 quoque
1045 1376 1141 1415 eius
1178 1375 1280 1415 odio
1311 1376 1473 1415 habeat
1504 1377 1637 1425 atque
1667 1386 1761 1425 per-

125 1445 351 1496 sequatur.
385 1443 436 1482 In
465 1443 581 1482 hanc
620 1442 758 1493 igitur
787 1441 1050 1481 sententiam
1092 1452 1268 1492 quoque
1299 1440 1480 1480 unicum
1510 1440 1761 1490 exemplum

127 1512 348 1561 postremo
385 1508 482 1548 loco
516 1507 768 1559 subijciam.
808 1506 1127 1546 Nobilissimus
1166 1505 1347 1557 quidam
1380 1505 1587 1556 patritius
1625 1504 1763 1544 huius

125 1574 338 1622 ciuitatis,
376 1573 448 1614 uir
489 1585 588 1613 cum
620 1572 854 1612 excellenti
898 1571 1078 1622 ingenio
1108 1573 1308 1619 ornatus,
1354 1573 1448 1610 tum
1491 1570 1763 1610 christianae

124 1640 280 1692 pietati
310 1639 502 1679 maxime
541 1638 734 1686 deditus,
767 1638 855 1677 iam
900 1636 1054 1676 multis
1089 1638 1191 1675 ante
1230 1636 1388 1676 diebus
1418 1636 1470 1675 R.
1505 1636 1552 1675 P.
1586 1635 1762 1675 Rectori

126 1705 388 1757 saepissime
408 1716 537 1744 suam
558 1703 875 1744 conscientiam
900 1702 1084 1753 aperire,
1109 1704 1150 1741 et
1171 1713 1342 1741 sacram
1364 1701 1569 1753 synaxim
1593 1712 1646 1740 ex
1667 1700 1765 1740 eius

126 1770 336 1810 manibus
365 1781 541 1809 sumere
570 1768 618 1808 in
640 1770 792 1808 nostro
823 1767 987 1818 templo
1009 1767 1202 1812 solebat;
1236 1766 1392 1806 diuino
1414 1766 1593 1805 tandem
1624 1764 1643 1791 b
1673 1764 1765 1816 spi-

126 1836 230 1884 ritu,
263 1839 311 1876 ut
342 1835 403 1875 rei
433 1836 593 1886 probat
622 1836 826 1882 euentus,
850 1833 1046 1881 afflatus,
1079 1832 1467 1872 carthusianorum
1489 1833 1556 1870 est
1584 1830 1764 1882 religio-

125 1914 226 1942 nem
248 1901 502 1953 ingressus3
525 1912 715 1951 cumque
745 1911 852 1939 suas
873 1910 994 1949 opes,
1017 1909 1130 1949 quae
1151 1899 1275 1937 erant
1296 1896 1616 1948 amplissimae,
1640 1895 1764 1935 iuxta

126 1967 366 2008 consilium
396 1966 577 2006 Domini
612 1965 753 2005 nostri
786 1966 882 2005 Iesu
916 1964 985 2004 X.i
1012 1964 1136 2003 illius
1166 1963 1438 2014 pauperibus
1467 1973 1648 2013 erogare
1678 1963 1766 2001 sta-

126 2033 284 2074 tuisset
303 2034 334 2081 2,
358 2044 438 2072 nec
458 2032 598 2072 ullam
619 2031 665 2070 id
681 2030 871 2071 faciendi
893 2029 1238 2069 commodiorem
1280 2028 1495 2067 rationem
1520 2027 1764 2073 inueniret,

125 2110 260 2150 quam
290 2099 329 2138 si
359 2098 411 2137 R.
445 2098 493 2137 P.
526 2097 728 2137 Rectoris
757 2095 947 2136 consilio
977 2098 1019 2134 et
1048 2106 1180 2145 opera
1217 2094 1262 2132 in
1294 2094 1377 2132 hoc
1407 2092 1592 2144 negocio
1622 2094 1763 2132 utere-

127 2167 213 2211 tur;
237 2164 409 2204 litteras
429 2163 485 2203 ad
505 2174 607 2202 eum
630 2161 751 2201 misit
768 2161 934 2213 quibus
954 2172 1055 2200 eum
1077 2159 1338 2199 obsecrabat
1353 2158 1764 2208 obtestabaturque,

128 2232 178 2270 ut
205 2229 292 2269 sibi
324 2241 400 2280 per
429 2229 600 2268 litteras
630 2227 881 2267 consuleret
901 2237 1097 2277 quonam
1128 2227 1255 2275 pacto
1285 2224 1329 2263 id
1359 2225 1475 2262 esset
1495 2222 1764 2262 faciendum.

127 2295 213 2335 Vbi
244 2295 375 2334 Pater
411 2293 747 2334 sanctissimum
783 2292 869 2332 uiri
909 2290 1177 2331 desiderium
1209 2289 1410 2340 agnouit,
1452 2288 1638 2339 impium
1669 2298 1766 2327 esse

127 2360 256 2401 duxit
276 2372 359 2400 suo
379 2360 488 2400 olim
510 2368 524 2385 Ε
553 2360 601 2399 in
631 2359 744 2410 Xpo.
770 2357 868 2397 filio
898 2369 1024 2407 opem
1048 2356 1094 2395 in
1124 2367 1174 2394 ea
1197 2367 1240 2394 re
1266 2355 1498 2405 denegare,
1531 2364 1644 2404 quae
1664 2363 1766 2392 cum

128 2426 231 2477 Xpi.
264 2426 407 2477 gloria
436 2428 476 2465 et
511 2436 752 2477 egenorum
783 2423 1082 2463 emolumento
1121 2420 1357 2459 coniuncta
1388 2421 1516 2458 esset.
1550 2418 1600 2457 Ei
1630 2417 1770 2468 igitur

127 2503 374 2543 pauperum
405 2491 543 2531 huius
568 2490 767 2530 ciuitatis
797 2490 1015 2540 egestates
1044 2486 1232 2537 aperuit,
1256 2487 1388 2536 atque
1418 2496 1571 2523 eorum
1601 2483 1769 2534 praeci-

131 2569 214 2608 pue
234 2557 312 2608 qui
343 2557 500 2596 diuino
521 2555 662 2596 cultui
693 2556 841 2594 essent
861 2552 1129 2599 consecrati3
1164 2563 1232 2590 res
1253 2550 1444 2601 denique
1470 2561 1569 2588 cum
1591 2560 1767 2588 summa

127 2623 363 2674 utriusque
405 2621 713 2662 consolatione
748 2620 947 2659 confecta
990 2621 1070 2657 est.
1103 2617 1266 2656 Verum
1309 2615 1521 2666 quoniam
1552 2614 1767 2664 antiquus

128 2687 316 2727 humani
357 2687 532 2738 generis
562 2685 707 2725 hostis
751 2687 842 2724 tam
871 2683 889 2709 d
917 2682 1181 2723 admirabile
1225 2680 1399 2719 facinus
1429 2679 1764 2730 indignabatur,

191 2833 210 2852 a
230 2824 416 2857 charitate
450 2833 578 2866 supra
611 2832 727 2859 vers„
764 2822 885 2854 deleto
914 2819 1160 2861 benignitate.
1195 2836 1235 2840 -
1259 2817 1276 2843 b
1295 2817 1450 2849 tandum
1484 2824 1556 2848 ms.
1583 2834 1624 2838 —
1647 2824 1661 2842 c
1682 2814 1770 2848 Del.

127 2876 218 2911 filio.
243 2897 284 2901 —-
307 2878 326 2905 d
352 2878 429 2910 tam
453 2886 581 2919 supra
618 2885 721 2908 vers.

194 3017 204 3034 ¹
227 3014 280 3048 Cf.
304 3015 449 3048 ΜΑΤΤΗ.
474 3015 518 3055 Χ,
542 3015 584 3047 24
607 3023 688 3055 sqq.

193 3070 206 3088 ²
227 3068 280 3102 Cf.
305 3068 449 3101 MATTH.
475 3067 571 3108 XIX,
595 3068 653 3108 21;
679 3067 797 3099 MARC.
823 3064 866 3105 X,
892 3065 949 3103 ΞΜ
974 3063 1061 3095 LUC.
1086 3061 1216 3101 XVIII,
1242 3061 1293 3093 Q.
