2028 3531
338 284 408 320 510
808 282 1012 318 errnnm:
1039 282 1384 324 QUADmMES‘rREs

370 402 434 441 41.
472 401 644 452 Experti
690 403 914 452 praeterea
957 401 1061 438 sunt
1107 408 1343 448 pragenses
1391 397 1644 434 nostrorum
1691 394 1909 434 auxilium

294 467 602 506 viennensium
632 476 968 515 caesareamque
998 463 1307 503 liberalitatem
1340 460 1410 499 his
1445 462 1635 511 quatuor
1664 459 1906 499 mensibus.

294 531 401 570 Nam
434 531 574 582 primo
604 531 780 582 quidem
813 529 1053 577 octingenti
1077 526 1214 565 daleri
1237 526 1288 564 ad
1314 525 1523 564 fabricam
1557 524 1679 563 illius
1708 523 1907 575 collegij;

293 596 451 635 deinde
483 608 586 635 uero
616 595 796 635 trecenti
826 595 980 640 annui,
1013 593 1151 631 donec
1187 590 1387 630 fundatio
1430 589 1626 628 eiusdem
1662 589 1789 639 plene
1819 588 1909 634 fiat,

292 663 333 700 et
364 673 430 699 res
460 661 740 699 oibienenses
760 659 1049 709 expediantur
1071 665 1272 707 (quarum
1297 654 1351 693 ad
1373 656 1535 693 rectam
1556 653 1909 703 dispositionem,

293 738 370 765 seu
400 726 805 767 c‹‘›mmutationem.
850 725 927 763 aut
970 723 1232 762 locationem
1263 719 1319 757 ad
1355 719 1704 769 emphyteosym,
1740 719 1782 757 et
1813 717 1912 756 mis-

293 790 461 829 sionem
493 790 867 835 comissariorum,
899 788 974 839 qui
1007 788 1121 826 bona
1152 785 1354 824 taxarent
1382 783 1605 829 Vniuersa,
1637 794 1726 821 non
1756 793 1912 833 parum

294 857 356 893 est
399 855 484 904 ,1100
532 857 724 905 tempore
772 853 842 892 1110
890 851 1156 901 laboratum)
1188 862 1211 888 a
1244 850 1334 888 ΒΗΘ
1380 848 1522 899 ipsius
1569 858 1772 887 caesarea
1819 848 1913 886 tuto

296 920 390 958 1000
426 921 603 958 suerunt
645 918 876 969 assignati,
909 930 972 963 ac,
1008 918 1051 955 ut
1097 914 1402 965 intelligimus,
1447 912 1677 952 commodo
1719 913 1914 962 tempore

295 983 385 1023 illis
417 984 589 1023 redditi.

372 1049 436 1089 402.
468 1048 596 1087 Dedit
639 1050 859 1099 praeterea
903 1047 1012 1085 Mstsss
1044 1044 1185 1095 ipsius
1228 1054 1427 1083 caesarea
1473 1041 1815 1081 clementissime
1858 1040 1913 1079 ad

295 1114 491 1164 reginam
522 1113 692 1153 Galliae
730 1112 895 1157 literas,
930 1109 1195 1150 Ferdinandi
1244 1107 1371 1158 primi
1415 1119 1519 1158 erga
1561 1107 1675 1145 hanc
1718 1107 1913 1145 nostram

296 1178 522 1217 minimam
555 1177 815 1217 Societatem
839 1188 941 1216 uera
964 1175 1137 1226 pietate,
1161 1185 1210 1212 ac
1240 1171 1411 1222 officijs,
1435 1172 1671 1222 plusquam
1703 1170 1912 1221 paternis,

295 1243 463 1294 plenas,
496 1242 660 1293 quibus
690 1253 758 1281 res
788 1240 1019 1281 Societatis
1051 1240 1097 1278 in
1127 1238 1268 1278 Gallia
1307 1249 1359 1276 ex
1389 1236 1538 1276 animo
1581 1236 1758 1286 reginae
1800 1247 1915 1274 com-

297 1307 533 1347 mendabat
562 1310 590 1347 1.
623 1306 718 1356 Qua
748 1307 800 1345 de
830 1317 874 1345 re
906 1305 991 1356 [ad]
1023 1305 1136 1343 alios
1166 1314 1342 1354 quoque
1381 1301 1505 1352 regni
1549 1301 1672 1340 illius
1714 1311 1915 1351 proceres

296 1371 589 1412 libentissime
618 1371 782 1422 pariter
811 1373 941 1421 atque
970 1367 1312 1409 clementissime
1346 1366 1612 1416 scripsisset,
1644 1365 1731 1404 nisi
1765 1365 1916 1415 grauis

296 1436 512 1487 quaedam
542 1447 690 1481 causa,
722 1446 854 1486 quam
886 1433 957 1473 1110
987 1434 1145 1472 referre
1176 1431 1358 1470 minime
1391 1431 1493 1470 licet
1512 1437 1546 1476 a,
1578 1429 1912 1469 intercessisset.

297 1501 535 1552 Expeditae
564 1512 741 1551 quoque
771 1500 950 1539 fuerunt
992 1500 1075 1538 sub
1118 1498 1250 1536 finem
1297 1496 1411 1547 lunij
1457 1495 1655 1535 eiusdem
1688 1505 1916 1534 caesareae

298 1565 399 1605 Mstis
439 1565 605 1612 literae,
650 1564 814 1616 quibus
858 1563 1189 1613 archiepiscopo
1232 1560 1502 1612 treui[r]ensi
1545 1559 1782 1610 collegium
1825 1559 1917 1598 illic

296 1630 503 1670 Societati
531 1632 725 1669 creatum
757 1629 1040 1669 uehementer
1068 1627 1475 1667 commendabatur.

376 1695 441 1734 43.
474 1694 746 1745 Consequuti
766 1695 990 1745 praeterea
1011 1704 1166 1732 sumus
1195 1691 1346 1731 eadem
1369 1689 1569 1730 Caesaris
1590 1689 1792 1728 libertate
1817 1688 1835 1714 b
1856 1690 1918 1728 at-

298 1771 383 1810 que
412 1759 645 1799 clementia
674 1759 912 1798 sectionem
933 1759 1109 1796 centum
1133 1767 1438 1796 mensurarum
1461 1754 1683 1805 lignorum
1704 1765 1851 1793 annue
1871 1753 1918 1793 in

297 1824 499 1875 proxima
528 1823 678 1875 sylua:
711 1822 1027 1873 consequuturi
1060 1833 1149 1860 non
1185 1820 1315 1860 modo
1350 1820 1493 1870 plura,
1525 1819 1563 1858 si
1593 1818 1684 1858 sint
1711 1830 1838 1869 opus,
1870 1820 1919 1857 ut

298 1901 452 1929 reuera
493 1891 637 1936 erunt,
684 1888 759 1927 sed
790 1888 1006 1938 integram
1049 1898 1224 1937 quoque
1259 1885 1434 1936 syluam
1477 1884 1688 1935 aliquam,
1720 1883 1758 1923 si
1789 1883 1918 1923 modo

299 1954 376 1993 illa
405 1965 495 1993 non
525 1953 763 1992 admodum
806 1952 968 1991 abhinc
1012 1952 1156 2002 longe,
1201 1952 1333 2001 atque
1362 1949 1418 1989 ad
1446 1949 1645 1988 fluminis
1683 1948 1822 1999 ripam
1854 1948 1919 1987 in—

299 2018 443 2059 ueniri
473 2020 618 2069 queat.

377 2083 442 2122 44.
476 2082 702 2122 Concessit
743 2093 919 2133 quoque
962 2081 1121 2120 ciuitas
1164 2079 1421 2119 viennensis
1463 2078 1720 2129 ampliorem
1755 2078 1916 2126 locum,

300 2147 376 2188 ubi
406 2150 448 2187 et
478 2148 633 2186 hortus
662 2147 877 2186 honestus
906 2146 1016 2185 satis
1046 2144 1329 2184 recreationis
1364 2143 1718 2194 pernecessarius
1748 2144 1918 2182 nostro-

300 2225 413 2260 rum,
446 2212 554 2258 fieri,
586 2214 629 2251 et
657 2211 816 2251 domus
845 2210 1068 2250 debilibus
1098 2212 1229 2260 atque
1277 2207 1692 2248 conualescentibus
1721 2209 1823 2258 apta
1852 2219 1920 2246 ae-

299 2277 466 2317 dificari
502 2277 672 2328 poterit.
704 2275 852 2315 Huius
885 2275 1274 2320 constructionem,
1308 2274 1457 2324 (quam
1496 2284 1699 2312 caesarea
1727 2271 1919 2311 liberali-

299 2344 388 2382 tate
408 2342 684 2393 perficiemus
704 2341 847 2391 spero)
870 2341 926 2378 ob
947 2340 1170 2390 lignorum
1193 2338 1451 2389 poenuriam
1472 2337 1916 2385 accommodatorum,

300 2407 410 2447 M.¹³-<
440 2407 583 2458 ipsius
611 2417 814 2445 caesarea
835 2405 881 2444 in
912 2404 1159 2455 proximum
1188 2415 1262 2442 ver
1290 2402 1464 2442 censuit
1493 2413 1588 2441 esse
1618 2401 1916 2453 reijciendam.

378 2472 443 2512 45.
477 2471 568 2511 Sub
598 2471 713 2510 idem
744 2470 832 2509 fere
858 2472 1045 2519 tempus,
1070 2468 1334 2519 prouinciali
1354 2467 1490 2506 huius
1510 2466 1684 2518 collegij
1715 2466 1920 2506 absoluta

301 2537 570 2584 visitatione,
602 2537 656 2576 M.
688 2535 872 2576 Carolus
901 2534 1038 2581 Grim,
1071 2533 1322 2584 tyrolensis.
1354 2532 1488 2572 trium
1508 2531 1687 2583 quidem
1717 2533 1919 2571 votorum

301 2602 558 2648 solemnem,
582 2600 787 2641 Saluator
816 2611 922 2639 uero
942 2598 1245 2645 subminister,
1269 2597 1524 2645 Gratianus,
1547 2598 1679 2647 atque
1700 2597 1867 2635 Ramus
1886 2597 1916 2644 2,

363 2746 377 2763 a
401 2736 481 2768 Aac
504 2736 611 2775 libet:
638 2744 708 2768 ms.
732 2734 772 2767 lt.
797 2752 837 2756 —
860 2734 878 2760 b
898 2734 965 2765 Sic
989 2742 1058 2765 ms.
1077 2742 1153 2774 pro
1176 2732 1412 2771 liberalitate,
1437 2733 1480 2763 ut
1502 2731 1672 2763 videtur.

364 2862 371 2878 ¹
397 2859 490 2892 Vide
516 2869 551 2900 p.
574 2859 646 2891 489.

364 2914 376 2932 2
399 2912 446 2944 Hi
470 2913 556 2944 vota
588 2911 771 2943 voverunt
803 2909 862 2942 die
885 2910 904 2941 2
927 2909 1024 2941 [ulii.
1050 2908 1091 2940 In
1125 2909 1292 2949 catalogo
1316 2908 1360 2940 de
1389 2916 1463 2949 quo
1486 2916 1609 2948 supra,
1635 2906 1803 2939 Salvator
1837 2907 1918 2939 sine

302 2965 520 3007 cognomine
543 2964 706 3006 ponitur.
732 2963 774 2995 In
798 2962 905 2995 catal.
930 2962 1019 2994 anni
1055 2962 1134 2993 1559
1157 2960 1258 3001 (Cod.
1288 2960 1415 2993 Germ.
1441 2959 1524 2999 131,
1549 2959 1572 2991 f.
1597 2960 1686 2992 Qlov
1711 2961 1747 2992 et
1769 2960 1844 3000 ⁶236)
1867 2959 1920 2992 di-

302 3019 400 3050 citur
422 3018 457 3050 S.
482 3018 526 3050 de
549 3017 725 3058 Vagune3
750 3016 789 3048 in
823 3015 901 3048 cod.
926 3024 1011 3047 vero
1044 3014 1180 3047 Austr.
1206 3014 1289 3053 122,
1313 3014 1336 3046 f.
1362 3015 1409 3046 ἓν
1432 3013 1569 3046 dicitur
1602 3013 1821 3047 Guilielmus
1844 3012 1920 3045 Sal-

301 3073 407 3104 vator
423 3071 559 3103 Bascos
574 3070 769 3111 hispanus.
783 3069 918 3101 Ramos
934 3069 1057 3101 autem
1074 3076 1205 3100 nomen
1221 3069 1300 3100 erat
1313 3068 1478 3101 Iacobus.
1493 3069 1580 3101 Erat
1596 3068 1708 3100 etiam
1723 3067 1917 3109 hispanus.
