2028 3531
325 276 370 309 5³8
801 276 1001 312 ΙΛΤΤΕΗΑΕ
1038 279 1382 321 Omniumns'runs

277 393 392 432 enim
427 393 495 432 liic
528 405 685 443 magna
717 394 896 436 messis:
929 397 967 433 et
1006 395 1099 433 licet
1147 393 1334 444 operarii
1366 394 1418 431 30
1446 394 1607 436 essent,
1640 403 1727 431 non
1773 392 1900 431 facile

280 459 423 508 posset
467 458 688 506 satisfieri.
720 470 817 497 cum
865 459 1107 500 nobilibus,
1141 461 1229 497 tum
1278 457 1459 507 plebeis.
1493 458 1584 494 tum
1629 456 1896 495 domesticis.

282 522 414 571 Regia
447 534 554 571 pene
585 524 673 561 tota
706 523 872 562 tamilia
895 523 1058 562 nostris
1078 525 1334 569 conlitetur;
1362 520 1540 571 expiant
1561 520 1691 559 etiam
1713 521 1899 560 crimina

276 598 375 626 cum
407 586 571 625 nostris
604 587 814 638 principis
846 588 1075 638 utriusque
1104 588 1234 627 etiam
1277 586 1459 626 familia.
1495 587 1537 623 et
1581 585 1898 624 nonnullorum

279 651 495 690 nobilium
526 652 761 691 uniuersae
790 653 962 692 domus.
996 652 1158 692 Omnes
1190 652 1230 690 in
1266 652 1345 690 bac
1376 651 1483 689 urbe
1513 650 1597 688 sibi
1629 650 1756 700 quasi
1801 661 1898 700 spe-

276 716 424 755 culum
447 715 680 755 Societatis
710 719 887 756 nostrae
916 717 1141 768 operarios
1171 717 1253 755 sibi
1289 717 1541 766 proponunt
1571 714 1825 761 imitandos,
1858 716 1899 754 et

276 792 370 820 sese
401 780 530 819 nobis
559 792 689 831 saepe
718 781 932 827 offerunt;
968 782 1083 821 unde
1105 781 1350 829 intelligere
1379 782 1445 818 est
1475 791 1563 817 non
1594 790 1758 829 paruos
1788 780 1900 818 fruc-

277 847 348 884 tus
377 857 428 884 ex
459 845 622 884 animis
652 846 881 885 hominum
927 847 1061 886 huius
1098 846 1236 888 urbis.
1270 845 1369 884 licet
1400 845 1444 883 in
1477 844 1628 883 multis
1659 844 1745 883 iam
1774 844 1899 883 colli-

276 912 451 960 gantur,
483 910 770 961 colligendos
805 910 913 951 Cum
943 911 1059 950 enim
1091 922 1142 950 ex
1174 910 1320 949 littore
1349 912 1497 948 essent
1531 909 1688 948 diebus
1733 911 1899 959 praete-

277 975 374 1014 ritis
402 975 607 1014 curribus
636 975 895 1026 deportandi
927 975 1096 1026 lapides
1125 976 1178 1014 ad
1210 974 1359 1025 templi
1382 974 1770 1021 constructionem,
1793 986 1900 1024 quo-

276 1051 371 1079 rum
395 1051 606 1079 numerus
626 1042 740 1079 esset
763 1052 962 1091 magnus,
986 1040 1144 1091 ingens
1165 1039 1440 1091 magnitud0‚
1464 1039 1652 1078 maiores
1676 1041 1896 1089 sumptus,

275 1104 312 1143 si
342 1107 489 1144 essent
519 1105 730 1144 afferendi
761 1117 786 1144 a
816 1105 995 1156 bajulis,
1019 1105 1136 1156 quod
1167 1107 1316 1144 nostra
1347 1104 1507 1143 domus
1537 1104 1667 1155 longe
1692 1104 1823 1143 distet
1843 1105 1900 1143 ab

275 1181 352 1208 ora
382 1169 625 1216 maritima;
660 1170 842 1221 petitum
871 1172 938 1209 est
966 1182 990 1209 a
1021 1169 1369 1221 magistratibus,
1394 1171 1442 1208 ut
1471 1169 1620 1208 liceret
1650 1181 1725 1220 per
1747 1170 1897 1208 urbem

274 1234 479 1274 curribus
521 1246 545 1273 a
589 1234 787 1274 fluminis
831 1235 925 1286 ripa
968 1246 1108 1285 usque
1161 1234 1207 1273 in
1250 1236 1444 1273 nostram
1489 1234 1669 1273 domum
1713 1234 1895 1280 deferri;

274 1310 462 1350 cumque
491 1299 671 1339 difficile
699 1301 814 1339 esset
844 1302 1020 1350 propter
1048 1299 1221 1339 cloacas
1250 1300 1576 1345 subterraneas,
1608 1299 1772 1349 quibus
1802 1299 1896 1350 plu-

274 1363 416 1404 uiales
445 1376 585 1415 aquae
615 1364 844 1415 liquantur
873 1364 919 1403 in
951 1376 1082 1411 mare,
1106 1364 1312 1415 quodque
1336 1365 1484 1403 essent
1513 1363 1598 1402 iam
1621 1375 1751 1414 saepe
1781 1364 1898 1404 labe-

274 1428 474 1477 factatae,
507 1431 548 1468 et
577 1431 683 1468 tunc
711 1431 859 1468 essent
889 1430 1072 1469 refectae
1102 1441 1126 1468 a
1155 1429 1349 1480 quodam
1379 1428 1456 1478 qui
1484 1428 1710 1479 pollicitus
1740 1429 1896 1469 fuisset

273 1505 424 1533 earum
455 1494 760 1545 incorruptum
790 1506 920 1534 usum
966 1505 1040 1545 per
1077 1494 1225 1534 decem
1261 1505 1427 1540 annos;
1459 1494 1730 1544 explicantes
1759 1506 1897 1545 quan-

274 1561 368 1598 tum
391 1559 597 1599 Societati
628 1559 859 1599 deberetur
887 1560 943 1599 ab
973 1559 1183 1599 uniuersa
1212 1559 1407 1606 ciuitate,
1432 1570 1592 1609 magna
1613 1571 1712 1599 cum
1733 1560 1898 1599 amoris

273 1635 376 1673 erga
405 1635 487 1663 nos
516 1624 856 1675 significatione,
889 1624 1074 1675 receptis
1105 1624 1325 1671 Patribus,
1350 1624 1426 1674 qui
1457 1624 1501 1663 id
1532 1624 1794 1675 petiuerant,
1817 1625 1897 1664 hu-

272 1688 461 1728 maniter
489 1690 828 1735 concesserunt;
860 1701 960 1729 cum
990 1691 1119 1728 antea
1148 1689 1465 1729 conuenissent
1493 1700 1662 1737 omnes,
1697 1691 1743 1729 ut
1772 1689 1897 1730 nullo

272 1753 403 1792 modo
432 1753 476 1792 id
505 1753 817 1793 concederetur
836 1754 1010 1805 cuique,
1035 1766 1177 1805 neque
1206 1754 1355 1794 liceret
1383 1766 1561 1794 currum
1584 1766 1660 1805 per
1679 1766 1774 1794 eam
1799 1766 1895 1806 par-

272 1820 359 1857 tem
390 1817 514 1857 urbis
542 1818 713 1857 ducere.
747 1818 997 1858 Mirabilius
1026 1819 1144 1870 quod
1174 1819 1317 1858 dicam
1339 1819 1421 1858 erit
1442 1819 1614 1866 adhuc3
1647 1819 1766 1870 quod
1796 1831 1895 1860 cum

272 1882 641 1932 persuaderentur
670 1894 695 1921 a
724 1883 890 1922 nostris
919 1885 968 1922 ut
997 1883 1285 1922 concederent
1327 1884 1428 1931 hoc,
1462 1883 1644 1934 quidam
1689 1884 1897 1934 perfusus

271 1946 493 1997 lacrymis,
525 1954 765 1998 assurgens
795 1947 1036 1998 respondit,
1062 1947 1216 1987 merito
1241 1948 1397 1987 debere
1427 1948 1557 1987 nobis
1585 1948 1764 1988 concedi
1795 1949 1893 1993 hoc,

271 2013 313 2050 et
342 2011 481 2050 multo
512 2011 680 2050 maiora
708 2011 810 2058 alia,
844 2011 881 2050 si
911 2014 1179 2062 peterentur,
1212 2012 1311 2051 licet
1346 2024 1411 2059 ea,
1448 2024 1562 2063 quae
1591 2014 1802 2063 peterent,
1834 2013 1894 2052 ita

271 2077 418 2115 essent
446 2075 660 2122 difficilia,
693 2078 740 2115 ut
770 2076 946 2116 facilius
975 2078 1091 2115 esset
1120 2076 1448 2116 concedendum
1485 2076 1579 2128 [sic]
1611 2089 1636 2116 a
1667 2077 1896 2128 magistra-

271 2139 392 2180 tibus
421 2151 582 2191 magna
611 2152 713 2190 pars
741 2143 961 2191 sumptus
984 2153 1072 2191 quo
1092 2141 1441 2191 deportarentur.
1471 2142 1618 2181 Mirari
1649 2153 1695 2181 se
1724 2143 1766 2181 et
1794 2153 1895 2181 con-

271 2204 397 2243 fundi
428 2215 561 2254 quam
591 2206 765 2255 praesto
794 2207 941 2244 essent
970 2205 1110 2244 nostri
1142 2207 1190 2244 ut
1219 2206 1524 2249 subuenirent,
1558 2218 1646 2255 qua
1681 2206 1789 2245 hora
1830 2217 1895 2245 es-

271 2271 367 2308 sent
398 2269 558 2315 uocati,
582 2269 921 2308 necessitatibus
942 2269 1267 2320 spiritualibus,
1291 2282 1479 2321 quarum
1501 2273 1567 2310 est
1589 2283 1747 2321 magna
1768 2271 1894 2322 copia

271 2334 318 2373 in
347 2334 429 2373 hac
458 2334 581 2381 urbe,
613 2345 703 2373 non
746 2334 876 2373 modo
919 2334 1162 2376 nobilibus,
1194 2335 1269 2373 sed
1299 2335 1432 2373 etiam
1463 2336 1676 2375 libentius
1710 2335 1891 2378 infimis.

270 2400 358 2437 tam
389 2398 624 2449 diligenter
653 2398 754 2445 sibi,
786 2409 919 2449 quam
963 2410 1044 2437 suo
1087 2410 1216 2437 seruo
1259 2401 1300 2437 et
1344 2399 1526 2447 famulo,
1571 2401 1628 2439 ob
1671 2412 1784 2450 quae
1821 2400 1892 2439 de-

270 2463 372 2502 bere
402 2462 531 2502 nobis
554 2463 655 2512 jure
683 2463 850 2513 optimo
879 2463 1057 2502 concedi
1103 2463 1253 2502 omnia
1296 2475 1408 2513 quae
1452 2467 1727 2515 peterentur;
1759 2476 1893 2516 seque

270 2527 466 2578 reliquos
512 2528 797 2567 admonuisse
845 2528 997 2578 paucis
1045 2530 1146 2566 ante
1194 2528 1367 2573 diebus,
1414 2532 1462 2568 ut
1504 2530 1737 2580 quaedam,
1780 2541 1893 2580 quae

270 2592 326 2631 ab
373 2592 616 2631 antoniano
654 2591 841 2643 collegio
880 2592 1155 2642 petebantur,
1201 2594 1559 2634 concederentur.
1606 2594 1737 2633 Volui
1768 2594 1890 2641 haec,

272 2657 414 2703 Pater,
461 2668 656 2699 narrare,
697 2656 813 2706 quod
854 2668 943 2695 non
984 2656 1261 2696 mediocriter
1298 2658 1382 2696 sim
1426 2658 1651 2698 animatus
1697 2658 1768 2698 his
1806 2670 1893 2697 ser-

270 2721 493 2768 monibus,
525 2721 731 2772 quodque
760 2721 893 2760 etiam
937 2720 1124 2759 uiderim
1155 2723 1197 2759 et
1225 2724 1432 2772 expertus
1476 2722 1560 2762 sim
1603 2735 1694 2762 non
1736 2735 1891 2773 parum

270 2785 400 2824 nobis
442 2797 537 2825 esse
580 2786 769 2835 deditos,
806 2797 830 2824 a
860 2785 1024 2836 quibus
1053 2785 1161 2824 haec
1191 2786 1401 2825 uniuersa
1446 2787 1696 2838 respublica
1733 2788 1891 2839 guber-

270 2852 415 2889 natur.

350 2915 385 2954 7.
419 2914 560 2964 Quam
590 2915 742 2954 faciles
772 2914 902 2953 nobis
931 2914 1174 2953 habeamus
1204 2915 1426 2966 principes
1456 2928 1545 2956 non
1580 2917 1707 2957 facile
1749 2917 1891 2956 literis

270 2979 428 3029 poterit
458 2979 673 3027 mandari,
708 2978 962 3030 praesertim
991 2990 1091 3017 cum
1121 2990 1254 3029 opera
1291 2991 1458 3028 eorum,
1495 2993 1584 3032 quo
1628 2981 1776 3021 minus
1817 2993 1888 3020 ex-
