2028 3531
327 291 398 327 670
802 291 1006 328 er'rEnAn
1033 290 1378 336 QUAanEs-rnns

281 410 442 455 ferunt,
474 410 592 461 quod
615 410 684 450 uel
707 410 876 454 timore,
903 410 971 449 uel
992 409 1124 448 etiam
1147 409 1303 448 timore
1322 415 1355 455 ἃ,
1387 408 1523 448 libere
1543 408 1598 448 ad
1626 420 1708 448 nos
1729 409 1903 448 accede-

281 486 325 513 re
348 475 678 525 prohibeantur.
705 475 822 514 Inter
850 476 1045 513 coeteras
1076 484 1286 524 personas
1306 472 1545 512 afflictione
1569 473 1899 524 circumseptas,

281 551 368 579 una
400 539 482 579 fuit
503 551 615 590 quae
636 539 804 578 dudum
827 539 872 578 in
893 539 1042 578 animo
1063 538 1221 577 habuit
1242 537 1462 588 propriam
1486 537 1651 588 prolem
1673 538 1726 577 de
1757 537 1902 577 medio

279 604 446 648 tollere,
496 604 571 643 sed
602 604 803 654 consilijs
844 603 972 642 bonis
1020 603 1065 641 in
1113 614 1234 652 spem
1291 604 1447 649 erecta,
1497 613 1671 641 omnem
1722 601 1900 652 pessimi

279 669 493 719 propositi
523 669 726 708 aculeum
748 669 933 707 infixum
958 667 1134 718 penitus
1155 666 1334 706 euulsit.
1360 666 1487 706 Aliae
1507 678 1620 717 quae
1649 678 1673 706 a
1704 666 1900 706 Sathana

279 734 454 772 fuerant
484 734 643 773 mirum
672 734 717 772 in
740 733 917 772 modum
939 733 1145 783 agitatae.
1168 731 1440 783 spectrisque
1462 732 1691 771 nocturnis
1712 732 1900 771 multum

278 800 477 845 uexatae,
509 798 803 837 consessionis
834 798 1024 836 remedio
1056 797 1116 835 ita
1147 797 1325 836 fuerunt
1354 796 1545 842 adiutae,
1580 798 1624 835 vt
1652 796 1739 835 iam
1771 796 1817 835 in
1837 807 1901 835 se-

277 874 383 901 curo
415 865 541 913 portu
572 863 785 913 nauigare
826 862 1074 902 uideantur.
1118 861 1313 901 Visitant
1355 861 1495 900 nostri
1538 861 1726 900 subinde
1768 873 1900 900 noso-

277 927 434 974 comia,
467 927 512 966 in
543 927 707 978 quibus
736 930 825 965 tam
856 926 968 977 grati
999 928 1105 965 sunt
1135 926 1416 976 pauperculis
1445 927 1487 964 et
1515 925 1718 973 infirmis,
1742 927 1790 965 ut
1809 937 1900 964 non

276 1002 404 1030 secus
433 993 564 1042 atque
594 991 741 1041 angeli
772 992 827 1030 ab
856 991 920 1030 eis
950 993 1248 1041 expectentur,
1279 992 1321 1029 et
1360 989 1676 1040 suscipiantur,
1709 1001 1899 1040 quorum

276 1055 409 1095 etiam
439 1056 767 1095 consolationes
796 1058 838 1095 et
867 1055 1161 1094 saluberrima
1190 1055 1359 1094 monita
1397 1054 1684 1105 cupidissime
1713 1055 1900 1105 amplec-

275 1122 443 1160 tuntur.
477 1120 741 1160 Accedimus
771 1120 902 1159 etiam
927 1120 1070 1159 uocati
1103 1120 1148 1158 in
1178 1120 1386 1159 extremis
1406 1119 1686 1166 constitutos,
1717 1119 1896 1170 quibus,

277 1187 447 1235 praeter
475 1185 802 1225 consolationes
832 1187 872 1224 et
907 1185 1181 1224 necessarias
1223 1185 1566 1233 admonitiones,
1599 1186 1682 1224 hoc
1723 1197 1899 1236 quoque

276 1249 474 1300 beneficij
508 1250 822 1300 impendimus,
846 1252 894 1289 ut
914 1250 1123 1289 omnibus
1144 1262 1219 1289 eos
1241 1250 1529 1289 sacramentis
1559 1250 1742 1301 tempori
1779 1261 1900 1300 prae-

276 1314 439 1353 muniri
470 1326 689 1360 curemus,
721 1315 885 1365 quibus
915 1315 1097 1365 alioqui,
1122 1315 1370 1354 tacentibus
1391 1315 1536 1364 nobis,
1559 1327 1648 1354 non
1669 1327 1767 1354 raro
1789 1314 1899 1353 forte

275 1378 572 1429 priuarentur.
606 1379 753 1418 Lectio
796 1379 1022 1419 doctrinae
1065 1379 1334 1419 christianae
1365 1380 1409 1418 in
1440 1380 1602 1419 sacello
1632 1380 1683 1419 D.
1717 1379 1898 1419 Nicolao

274 1455 414 1486 sacro.
448 1446 686 1495 nostroque
715 1444 903 1495 collegio
934 1444 1198 1495 propinquo,
1232 1456 1350 1484 more
1381 1445 1632 1484 introducto
1663 1445 1773 1484 bene
1804 1456 1899 1495 pro-

273 1508 403 1557 cedit,
436 1520 734 1560 numerusque
764 1509 1017 1548 auditorum
1047 1510 1216 1549 crescit.
1242 1510 1360 1549 Haec
1388 1510 1645 1549 catechismi
1676 1509 1897 1549 enarratio

273 1575 397 1624 grata
427 1585 522 1613 esse
551 1576 747 1624 apparet,
774 1576 865 1613 tum
889 1577 1065 1625 propter
1095 1575 1155 1613 rei
1186 1575 1446 1623 nouitatem,
1468 1577 1564 1614 tum
1596 1576 1771 1626 propter
1801 1586 1894 1614 mu-

273 1638 354 1677 sici
384 1641 542 1678 cantus
571 1650 754 1678 suauem
786 1639 1080 1685 harmoniam,
1113 1652 1199 1690 qua
1243 1651 1338 1679 eam
1382 1640 1590 1690 discipuli
1635 1639 1790 1686 nostri,
1823 1651 1897 1678 ua·

275 1702 400 1742 riatis
430 1703 720 1743 cancionibus
750 1704 973 1743 illustrare
1003 1704 1160 1744 solent.

352 1768 390 1807 4.
424 1767 646 1818 Superest,
669 1770 718 1807 ut
747 1768 916 1818 aliquid
948 1769 1147 1808 dicamus
1177 1769 1229 1808 de
1259 1772 1507 1809 exterorum
1529 1781 1632 1820 erga
1654 1781 1735 1808 nos
1758 1768 1895 1808 animi

272 1833 580 1883 propensione.
633 1834 684 1872 Et
727 1834 1017 1885 quantumuis
1057 1835 1185 1874 multi
1229 1835 1318 1874 sint
1362 1835 1476 1874 male
1519 1835 1662 1874 feriati
1692 1835 1896 1874 homines

271 1898 346 1948 qui
379 1898 617 1949 calumnijs
647 1910 729 1937 nos
758 1899 875 1949 apud
912 1900 1097 1950 quosuis
1132 1900 1379 1947 traducant,
1416 1912 1466 1940 ac
1500 1900 1667 1951 optima
1696 1911 1896 1950 quaeque

271 1964 424 2001 nostra
443 1962 650 2002 exercitia
672 1963 717 2001 in
738 1963 963 2002 sinistram
988 1963 1163 2013 rapiant
1183 1966 1366 2014 partem,
1385 1967 1490 2004 sunt
1511 1967 1657 2004 tamen
1680 1964 1895 2015 plurimae

270 2026 502 2077 utriusque
532 2038 679 2075 sexus,
710 2029 797 2066 tam
830 2027 1023 2075 nomine,
1055 2040 1188 2079 quam
1211 2029 1421 2078 potentia,
1440 2029 1633 2068 celebres
1664 2040 1891 2079 personae,

271 2103 384 2142 quae
414 2091 544 2130 nobis
573 2103 625 2130 ex
655 2092 805 2131 animo
834 2093 945 2131 bene
967 2092 1157 2133 faueant.
1180 2093 1235 2132 Vt
1256 2094 1311 2132 ab
1333 2094 1583 2133 illustriss.0
1613 2095 1764 2133 nostro
1785 2093 1895 2132 duce

272 2156 539 2206 principium
583 2168 772 2205 sumam,
805 2159 871 2196 est
900 2157 938 2196 is
967 2157 1145 2207 quidem
1192 2161 1340 2197 noster
1373 2161 1583 2198 constans
1611 2160 1653 2197 et
1683 2161 1895 2208 patronus

270 2222 313 2259 et
341 2221 541 2259 Mecenas
570 2221 967 2268 clementissimus,
1001 2222 1155 2272 probat
1182 2225 1381 2262 nostrum
1403 2223 1667 2274 procedendi
1697 2223 1892 2270 modum,

270 2285 419 2324 omnia
455 2285 542 2324 fere
585 2285 800 2331 concedit,
832 2298 944 2336 quae
988 2287 1043 2325 ab
1085 2298 1136 2325 eo
1181 2287 1383 2337 petimus.
1419 2288 1511 2327 Hoc
1541 2288 1721 2327 biennio
1753 2288 1890 2335 finito,

270 2361 358 2400 quo
389 2350 460 2389 hic
490 2350 709 2401 Monachij
756 2349 950 2389 Societas
988 2351 1093 2401 agit,
1127 2352 1266 2391 multa
1294 2354 1336 2391 et
1366 2352 1563 2403 preciosa
1607 2352 1817 2392 beneficia
1847 2352 1893 2391 in

270 2417 469 2454 nostrum
501 2415 752 2466 collegium,
784 2415 822 2454 si
852 2427 1041 2466 usquam
1071 2416 1236 2466 aliquis
1265 2417 1484 2467 princeps,
1517 2429 1594 2468 pro
1615 2429 1696 2457 sua
1716 2417 1893 2456 heroica

270 2479 536 2519 liberalitate
565 2480 768 2520 contulit.
802 2480 961 2519 Paucis
991 2482 1092 2519 ante
1122 2482 1279 2520 diebus
1321 2482 1564 2533 supplicem
1610 2482 1809 2522 libellum
1839 2482 1892 2521 de

269 2543 502 2583 Societatis
530 2546 573 2584 et
601 2544 870 2584 christianae
901 2545 1169 2595 reipublicae
1213 2547 1394 2586 maximi
1438 2547 1648 2587 momenti
1692 2548 1823 2586 rebus
1852 2547 1890 2586 ei

267 2609 528 2656 obtulimus,
562 2609 690 2648 cuius
720 2609 923 2659 petitioni
954 2610 1073 2649 haud
1117 2611 1319 2650 abnuens
1362 2612 1587 2661 negotium
1627 2614 1764 2651 totum
1796 2611 1892 2651 suis

268 2673 539 2724 consiliarijs
561 2673 615 2712 ad
637 2676 836 2724 optatum
857 2674 988 2713 nobis
1009 2674 1140 2713 finem
1163 2676 1504 2725 perducendum,
1523 2677 1757 2716 commisit.
1781 2676 1890 2716 Cum

268 2738 504 2777 transactis
534 2739 605 2777 his
635 2742 737 2777 ante
768 2739 1010 2786 mensibus,
1034 2739 1213 2790 quidam
1235 2752 1287 2779 ex
1310 2742 1475 2780 nostris
1497 2742 1685 2792 primum
1716 2753 1890 2781 sacrum

268 2803 451 2842 solenne
481 2804 655 2850 faceret,
687 2803 742 2842 ad
772 2803 1007 2854 collegium
1037 2804 1203 2843 cibaria
1233 2806 1343 2845 duce
1381 2807 1514 2857 digna
1548 2819 1635 2846 una
1664 2818 1760 2846 cum
1794 2818 1890 2856 pro-

268 2867 364 2917 prio
407 2880 526 2913 coco,
557 2868 634 2918 qui
677 2868 828 2907 eadem
872 2871 1168 2918 praepararet,
1202 2870 1337 2910 misit.
1372 2871 1552 2910 lnuitati
1597 2873 1701 2911 sunt
1739 2883 1790 2910 eo
1819 2871 1889 2910 die

267 2931 405 2982 aliqui
436 2932 633 2972 ciuitatis
654 2932 823 2972 domini
853 2935 896 2972 et
925 2932 1121 2983 primarij
1147 2934 1245 2981 uiri,
1270 2936 1317 2974 ut
1342 2947 1423 2975 sua
1446 2936 1691 2986 praesentia
1721 2947 1888 2975 nouum

334 3075 351 3092 a
373 3066 440 3098 Sic
464 3076 548 3104 ms„
573 3067 671 3108 sorte
693 3067 818 3099 voluit
840 3068 1010 3100 scribere
1049 3068 1191 3101 rubore.
