2028 3531
577 273 660 310 546.
688 296 732 299 —
761 273 974 310 PALANTIA
997 273 1044 309 27
1071 272 1175 310 IULII
1203 273 1292 309 1561
1634 274 1700 309 391

221 395 356 444 capit.
388 394 605 433 Feminae
635 395 884 434 meretricis
913 395 1156 433 conversio.
1188 415 1241 420 —
1266 397 1308 432 2.
1338 393 1552 432 Publicae
1580 394 1750 443 suppli-

220 460 417 498 cationes
446 459 505 498 ad
528 460 738 509 pluviam
767 459 1115 510 impetrandam.
1139 480 1189 485 —
1220 462 1262 497 3.
1290 459 1476 497 Festum
1507 457 1616 498 Smi.
1650 458 1752 496 Cor-

216 525 344 574 poris
377 523 559 572 Christi,
591 536 726 573 opera
768 524 1034 563 clericorum
1064 523 1266 562 certatim
1295 523 1529 575 praestita,
1574 522 1751 561 sollem-

221 590 409 628 nissime
437 591 486 628 in
519 590 680 640 templo
710 591 865 629 nostro
895 589 1178 628 celebratum.

196 725 233 764 1.
265 725 294 774 †
324 724 415 764 Ihs.
449 724 700 764 Admodum
735 724 807 765 Re
840 724 908 764 P}
949 723 1102 764 Gratia
1124 725 1165 763 et
1186 735 1274 775 pax
1304 722 1373 763 Χ.ἰ
1412 725 1492 763 etc.
1528 721 1754 774 [Breviter

114 803 168 830 ex
198 791 496 830 oboedientiae
519 791 800 842 praescripto
830 791 1004 830 scribet.
1049 791 1304 841 Religiosae
1347 790 1614 839 disciplinae
1643 801 1754 828 cura

115 854 270 907 vigetJ.
294 855 351 895 Vt
373 867 396 894 a
418 855 779 895 confessionibus
809 867 913 906 ergo
943 855 1121 894 initium
1154 866 1345 903 sumam,
1377 866 1491 906 quae
1512 865 1590 904 per
1610 855 1753 893 totum

116 932 285 960 annum
317 921 406 960 fere
449 933 680 972 nunquam
729 921 930 969 dessunt,
976 920 1110 971 idque
1153 919 1361 971 precipue
1408 921 1605 970 tempore
1648 930 1755 969 qua-

114 985 425 1037 dragessimali
455 998 617 1038 magna
641 986 881 1026 multitudo
912 985 1154 1037 promiscui
1184 997 1318 1025 sexus
1339 985 1556 1024 rationem
1588 983 1755 1023 nostris

115 1062 225 1090 suae
255 1051 531 1091 concientiae
574 1050 710 1099 dedit,
743 1051 935 1090 maxime
964 1062 1065 1090 cum
1094 1050 1293 1090 ciuitatis
1336 1049 1472 1089 huius
1503 1060 1593 1088 non
1623 1048 1753 1099 pauci

114 1127 168 1155 ex
188 1117 448 1167 proceribus
470 1117 587 1156 idem
609 1117 821 1156 fecerunt.
855 1116 992 1156 Porro
1013 1128 1067 1155 ex
1086 1115 1210 1155 vrbis
1232 1115 1369 1155 huius
1394 1114 1592 1154 literario
1613 1125 1756 1165 gram-

114 1181 298 1221 matices
329 1182 496 1230 studio,
527 1182 658 1222 cuius
687 1182 912 1222 scolastici
942 1181 1127 1221 trecenti
1157 1183 1200 1220 et
1220 1193 1271 1221 eo
1300 1180 1496 1231 amplius
1525 1179 1756 1219 continen-

114 1248 188 1287 tur
217 1259 418 1295 numero,
451 1248 612 1287 horum
644 1248 837 1287 maxima
859 1259 963 1298 pars
983 1247 1104 1298 apud
1133 1258 1216 1286 nos
1245 1246 1380 1286 etiam
1408 1245 1601 1285 confessi
1632 1246 1752 1291 sunt,

114 1325 305 1365 quorum
335 1315 643 1365 preceptorum
673 1325 790 1353 vnus
820 1313 949 1352 valde
992 1312 1124 1352 nobis
1165 1312 1434 1364 conjunctus
1463 1312 1552 1359 est;
1585 1310 1638 1350 de
1667 1321 1756 1361 quo

115 1378 359 1430 aliquando
381 1378 547 1419 furtiue
568 1379 738 1430 accepit
758 1379 882 1418 auris
917 1390 1015 1418 mea
1044 1378 1158 1418 velle
1183 1389 1230 1417 se
1251 1377 1514 1428 perjungere
1535 1383 1552 1402 ἃ
1571 1375 1753 1418 nostris.

115 1443 206 1483 imo
236 1444 324 1483 iam
354 1444 444 1484 fixo
473 1446 560 1484 stat
591 1444 742 1484 animo
772 1456 819 1484 se
849 1444 979 1483 aliter
1008 1443 1192 1483 minime
1222 1454 1313 1482 rem
1344 1441 1512 1482 haberi.
1540 1440 1627 1480 Nec
1648 1441 1758 1480 dan-

115 1509 215 1548 dam
252 1509 475 1549 obliuioni
518 1509 776 1549 existimaui
819 1509 1046 1561 quandam
1091 1507 1364 1548 meretricem
1404 1519 1490 1557 que
1533 1506 1756 1557 preteritis

116 1586 235 1614 nunc
265 1574 425 1614 diebus
459 1575 513 1614 de
542 1576 684 1615 morte
727 1574 943 1626 migrauit
971 1574 1027 1614 ad
1056 1574 1209 1613 vitam.
1256 1573 1375 1613 Haec
1418 1572 1551 1611 etiam
1596 1571 1673 1611 vni
1704 1584 1756 1611 ex

116 1640 283 1679 nostris
326 1641 411 1680 sub
450 1640 750 1680 confessionis
797 1640 949 1692 sigillo
997 1651 1125 1680 suam
1173 1638 1349 1690 aperuit
1396 1639 1612 1685 mentem;
1676 1649 1758 1676 ire-

115 1717 358 1757 camurque
388 1706 527 1746 Deum
560 1706 781 1757 optimum
812 1706 1074 1754 maximum,
1106 1706 1155 1744 vt
1174 1716 1225 1744 ea
1254 1716 1301 1744 se
1322 1705 1365 1743 et
1384 1703 1644 1743 benefitium
1669 1702 1757 1741 sibi

116 1770 329 1810 collatum
361 1773 627 1823 cognoscat3
653 1771 714 1811 ita
744 1771 865 1811 enim
890 1771 965 1810 fiet
985 1773 1033 1810 vt
1062 1770 1282 1810 Dominus
1312 1769 1399 1820 ipsi
1429 1780 1561 1808 suum
1590 1767 1757 1807 tribuat

116 1836 336 1876 auxilium
383 1837 757 1888 perseuerantiae,
790 1838 847 1877 ob
877 1836 1006 1877 cuius
1050 1836 1240 1888 gratiam
1270 1848 1295 1875 a
1324 1847 1443 1875 noua
1487 1834 1579 1874 vita
1622 1845 1757 1885 quam

117 1912 237 1941 nunc
266 1902 383 1953 cepit
411 1914 555 1953 agere,
589 1914 819 1954 nunquam
850 1902 1050 1942 desistat.

197 1967 236 2007 2.
270 1967 468 2007 Plurime
499 1967 632 2007 etiam
664 1967 966 2019 procesiones‚
998 1979 1084 2019 que
1113 1967 1196 2006 hac
1226 1967 1273 2006 in
1303 1967 1424 2014 vrbe,
1457 1967 1505 2005 vt
1537 1964 1757 2004 Dominus

119 2032 319 2083 plubiam
350 2033 567 2073 tribueret
609 2035 944 2085 congruentem,
976 2033 1089 2072 facte
1132 2034 1253 2081 sunt,
1285 2031 1419 2071 etiam
1458 2032 1656 2070 nostram
1687 2041 1759 2080 pe-

117 2097 227 2137 tiere
256 2098 505 2147 basilicam,
538 2098 748 2150 precipue
778 2098 864 2138 due
893 2098 1038 2138 sancti
1068 2097 1223 2137 Lazari
1245 2109 1295 2137 ac
1329 2096 1473 2136 sancti
1504 2094 1755 2137 Michaelis:

118 2163 257 2202 altera
287 2163 420 2202 etiam
451 2163 652 2203 solennis
683 2164 808 2211 satis,
841 2175 956 2215 quae
985 2163 1095 2215 exth
1123 2175 1148 2202 a
1178 2162 1284 2202 dibo
1314 2162 1470 2209 Paulo,
1512 2161 1644 2199 domo
1674 2159 1745 2200 sti

118 2228 341 2268 Dominici
391 2230 625 2278 fratruum,
672 2229 805 2269 etiam
836 2229 893 2269 ad
923 2231 1121 2269 nostram
1170 2227 1376 2280 peruenit
1422 2228 1619 2269 domum.
1657 2225 1757 2265 licet

119 2294 228 2334 haec
273 2295 489 2346 templum
534 2307 625 2334 non
667 2295 726 2334 sit
755 2295 958 2347 ingressa
1005 2296 1234 2340 nostrum;
1280 2293 1337 2333 ad
1376 2293 1562 2344 januam
1608 2293 1756 2330 tamen

118 2360 371 2400 subsistens
402 2361 628 2409 ecclesiae,
661 2361 764 2400 inde
795 2372 902 2401 suas
931 2372 1082 2411 preces
1111 2360 1313 2399 obtulere
1347 2357 1554 2398 Domino.
1591 2356 1758 2396 Omitto

119 2425 238 2465 enim
270 2425 395 2465 illam
424 2426 758 2466 celeberrimam
788 2438 874 2477 que
895 2438 921 2465 a
951 2425 1106 2465 multis
1136 2424 1430 2464 fundentibus
1458 2421 1759 2462 confratribus

119 2491 387 2542 sanguinem
418 2493 616 2543 tempore
646 2491 897 2531 dominicae
927 2491 1129 2542 pasionis
1158 2490 1221 2530 fit.
1255 2490 1375 2529 Haec
1409 2488 1542 2528 etiam
1573 2487 1629 2526 ad
1659 2497 1760 2525 nos-

121 2558 233 2596 tram
263 2557 387 2597 venit
412 2557 645 2597 ecclesiam
680 2568 758 2608 per
790 2569 926 2596 vnam
956 2556 1101 2608 ipsius
1127 2556 1314 2608 januam
1335 2554 1458 2595 intus
1485 2552 1756 2604 ingrediens,

120 2633 199 2672 per
227 2622 363 2662 aliam
407 2635 511 2662 vero
555 2622 674 2662 foras
718 2622 965 2673 egrediens.
1012 2622 1104 2662 Deo
1133 2620 1321 2661 creatori
1370 2618 1564 2659 maximo
1612 2616 1758 2656 debite

121 2686 366 2727 reddantur
395 2688 565 2727 laudes.

201 2754 240 2793 3.
273 2753 485 2792 Nostrum
514 2755 665 2793 tamen
694 2752 893 2804 corporis
936 2751 1102 2792 Christi
1133 2751 1294 2791 festum
1325 2749 1454 2790 cuius
1497 2746 1759 2787 solemnitas

124 2830 193 2858 me
213 2818 441 2869 compellit
460 2820 508 2857 vt
528 2818 749 2858 nonnulla
779 2817 981 2865 referam,
1004 2828 1095 2856 non
1126 2814 1467 2867 pretereundum
1498 2812 1630 2859 duxi3
1653 2810 1760 2862 quia

126 2885 243 2924 certe
271 2885 363 2922 tam
394 2883 654 2923 solemniter
681 2885 863 2934 tamque
889 2881 1083 2934 jocunde
1124 2881 1395 2922 celebratum
1425 2879 1506 2926 est,
1537 2879 1585 2917 vt
1613 2878 1763 2917 astan-

186 3075 204 3094 ἃ
229 3066 368 3099 praec.
393 3074 429 3098 v.
454 3065 617 3098 obscure
639 3066 865 3098 ewaralum.
