<?xml version="1.0" encoding="UTF-8"?>
<!DOCTYPE html PUBLIC "-//W3C//DTD XHTML 1.0 Transitional//EN"
    "http://www.w3.org/TR/xhtml1/DTD/xhtml1-transitional.dtd">
<html xmlns="http://www.w3.org/1999/xhtml" xml:lang="en" lang="en">
 <head>
  <title>
</title>
<meta http-equiv="Content-Type" content="text/html;charset=utf-8" />
  <meta name='ocr-system' content='tesseract 3.04.00' />
  <meta name='ocr-capabilities' content='ocr_page ocr_carea ocr_par ocr_line ocrx_word'/>
</head>
<body>
  <div class='ocr_page' id='page_1' title='image "./litteraequadrime1907lain_0186.png"; bbox 0 0 2028 3531; ppageno 0'>
   <div class='ocr_carea' id='block_1_1' title="bbox 316 241 1367 290">
    <p class='ocr_par' dir='ltr' id='par_1_1' title="bbox 316 241 1367 290">
     <span class='ocr_line' id='line_1_1' title="bbox 316 241 1367 290; baseline -0.003 -8"><span class='ocrx_word' id='word_1_1' title='bbox 316 241 381 275; x_wconf 66' lang='lat'>1(50</span> <span class='ocrx_word' id='word_1_2' title='bbox 782 244 986 281; x_wconf 67' lang='lat' dir='ltr'>errmma</span> <span class='ocrx_word' id='word_1_3' title='bbox 1024 247 1367 290; x_wconf 72' lang='lat' dir='ltr'>QUADRIMESTRES</span> 
     </span>
    </p>
   </div>
   <div class='ocr_carea' id='block_1_2' title="bbox 266 358 1890 2617">
    <p class='ocr_par' dir='ltr' id='par_1_2' title="bbox 266 358 1888 1569">
     <span class='ocr_line' id='line_1_2' title="bbox 268 358 1884 414; baseline 0.004 -18"><span class='ocrx_word' id='word_1_4' title='bbox 268 358 455 398; x_wconf 87' lang='lat' dir='ltr'>multum</span> <span class='ocrx_word' id='word_1_5' title='bbox 487 359 541 398; x_wconf 89' lang='lat' dir='ltr'>ad</span> <span class='ocrx_word' id='word_1_6' title='bbox 571 360 849 401; x_wconf 87' lang='lat' dir='ltr'>deuotionem</span> <span class='ocrx_word' id='word_1_7' title='bbox 891 363 1184 414; x_wconf 78' lang='lat' dir='ltr'>pietatemque</span> <span class='ocrx_word' id='word_1_8' title='bbox 1212 363 1442 409; x_wconf 77' lang='lat' dir='ltr'>excitatur,</span> <span class='ocrx_word' id='word_1_9' title='bbox 1474 363 1534 402; x_wconf 86' lang='lat' dir='ltr'>ita</span> <span class='ocrx_word' id='word_1_10' title='bbox 1566 365 1610 403; x_wconf 90' lang='lat' dir='ltr'>ut</span> <span class='ocrx_word' id='word_1_11' title='bbox 1643 364 1771 403; x_wconf 91' lang='lat' dir='ltr'>modo</span> <span class='ocrx_word' id='word_1_12' title='bbox 1802 365 1884 403; x_wconf 89' lang='lat' dir='ltr'>t&#39;re-</span> 
     </span>
     <span class='ocr_line' id='line_1_3' title="bbox 267 425 1883 476; baseline 0.004 -14"><span class='ocrx_word' id='word_1_13' title='bbox 267 426 465 474; x_wconf 78' lang='lat' dir='ltr'>quenter,</span> <span class='ocrx_word' id='word_1_14' title='bbox 497 425 628 464; x_wconf 86' lang='lat' dir='ltr'>etiam</span> <span class='ocrx_word' id='word_1_15' title='bbox 659 426 761 476; x_wconf 84' lang='lat' dir='ltr'>alijs</span> <span class='ocrx_word' id='word_1_16' title='bbox 785 427 942 467; x_wconf 86' lang='lat' dir='ltr'>diebus</span> <span class='ocrx_word' id='word_1_17' title='bbox 962 429 1294 468; x_wconf 67' lang='lat' dir='ltr'>comunicantes</span> <span class='ocrx_word' id='word_1_18' title='bbox 1317 428 1575 471; x_wconf 74' lang='lat' dir='ltr'>babeamus,</span> <span class='ocrx_word' id='word_1_19' title='bbox 1600 440 1686 468; x_wconf 89' lang='lat' dir='ltr'>non</span> <span class='ocrx_word' id='word_1_20' title='bbox 1712 431 1883 468; x_wconf 78' lang='lat' dir='ltr'>tantum</span> 
     </span>
     <span class='ocr_line' id='line_1_4' title="bbox 267 488 1886 533; baseline 0.004 -7"><span class='ocrx_word' id='word_1_21' title='bbox 267 488 503 529; x_wconf 83' lang='lat' dir='ltr'>dominicis</span> <span class='ocrx_word' id='word_1_22' title='bbox 545 501 595 528; x_wconf 90' lang='lat' dir='ltr'>ac</span> <span class='ocrx_word' id='word_1_23' title='bbox 638 490 762 530; x_wconf 84' lang='lat' dir='ltr'>festis</span> <span class='ocrx_word' id='word_1_24' title='bbox 808 491 980 532; x_wconf 87' lang='lat' dir='ltr'>diebus.</span> <span class='ocrx_word' id='word_1_25' title='bbox 1029 493 1075 531; x_wconf 90' lang='lat' dir='ltr'>In</span> <span class='ocrx_word' id='word_1_26' title='bbox 1120 493 1217 532; x_wconf 88' lang='lat' dir='ltr'>loco</span> <span class='ocrx_word' id='word_1_27' title='bbox 1248 493 1298 533; x_wconf 88' lang='lat' dir='ltr'>D.</span> <span class='ocrx_word' id='word_1_28' title='bbox 1331 492 1550 531; x_wconf 87' lang='lat' dir='ltr'>Lamberti</span> <span class='ocrx_word' id='word_1_29' title='bbox 1597 493 1886 533; x_wconf 90' lang='lat' dir='ltr'>concionatur</span> 
     </span>
     <span class='ocr_line' id='line_1_5' title="bbox 268 552 1885 608; baseline 0.004 -17"><span class='ocrx_word' id='word_1_30' title='bbox 268 552 321 591; x_wconf 85' lang='lat' dir='ltr'>M.</span> <span class='ocrx_word' id='word_1_31' title='bbox 355 552 595 603; x_wconf 78' lang='lat' dir='ltr'>Gregorius</span> <span class='ocrx_word' id='word_1_32' title='bbox 624 557 652 601; x_wconf 82' lang='lat'>¹,</span> <span class='ocrx_word' id='word_1_33' title='bbox 703 555 779 606; x_wconf 90' lang='lat' dir='ltr'>qui</span> <span class='ocrx_word' id='word_1_34' title='bbox 810 558 857 596; x_wconf 91' lang='lat' dir='ltr'>ut</span> <span class='ocrx_word' id='word_1_35' title='bbox 886 557 995 596; x_wconf 90' lang='lat' dir='ltr'>satis</span> <span class='ocrx_word' id='word_1_36' title='bbox 1025 558 1183 597; x_wconf 86' lang='lat' dir='ltr'>bonam</span> <span class='ocrx_word' id='word_1_37' title='bbox 1221 557 1407 607; x_wconf 70' lang='lat' dir='ltr'>gratiam</span> <span class='ocrx_word' id='word_1_38' title='bbox 1452 557 1598 604; x_wconf 85' lang='lat' dir='ltr'>habet,</span> <span class='ocrx_word' id='word_1_39' title='bbox 1631 557 1692 596; x_wconf 87' lang='lat' dir='ltr'>ita</span> <span class='ocrx_word' id='word_1_40' title='bbox 1721 558 1885 608; x_wconf 90' lang='lat' dir='ltr'>populo</span> 
     </span>
     <span class='ocr_line' id='line_1_6' title="bbox 266 617 1884 671; baseline 0.004 -16"><span class='ocrx_word' id='word_1_41' title='bbox 266 617 398 656; x_wconf 85' lang='lat' dir='ltr'>etiam</span> <span class='ocrx_word' id='word_1_42' title='bbox 423 629 510 657; x_wconf 89' lang='lat' dir='ltr'>non</span> <span class='ocrx_word' id='word_1_43' title='bbox 541 630 695 669; x_wconf 84' lang='lat' dir='ltr'>parum</span> <span class='ocrx_word' id='word_1_44' title='bbox 719 620 873 671; x_wconf 85' lang='lat' dir='ltr'>placet.</span> <span class='ocrx_word' id='word_1_45' title='bbox 894 621 944 660; x_wconf 94' lang='lat' dir='ltr'>D.</span> <span class='ocrx_word' id='word_1_46' title='bbox 970 622 1229 661; x_wconf 83' lang='lat' dir='ltr'>Lambertus</span> <span class='ocrx_word' id='word_1_47' title='bbox 1259 624 1405 660; x_wconf 88' lang='lat' dir='ltr'>tamen</span> <span class='ocrx_word' id='word_1_48' title='bbox 1437 623 1611 671; x_wconf 90' lang='lat' dir='ltr'>propter</span> <span class='ocrx_word' id='word_1_49' title='bbox 1639 622 1884 661; x_wconf 79' lang='lat' dir='ltr'>doctrinam</span> 
     </span>
     <span class='ocr_line' id='line_1_7' title="bbox 268 682 1882 737; baseline 0.005 -17"><span class='ocrx_word' id='word_1_50' title='bbox 268 682 408 733; x_wconf 82' lang='lat' dir='ltr'>magis</span> <span class='ocrx_word' id='word_1_51' title='bbox 437 683 724 726; x_wconf 85' lang='lat' dir='ltr'>desideratur.</span> <span class='ocrx_word' id='word_1_52' title='bbox 758 686 806 725; x_wconf 90' lang='lat' dir='ltr'>In</span> <span class='ocrx_word' id='word_1_53' title='bbox 837 686 948 726; x_wconf 85' lang='lat' dir='ltr'>festo</span> <span class='ocrx_word' id='word_1_54' title='bbox 978 686 1300 737; x_wconf 67' lang='lat' dir='ltr'>purificationis</span> <span class='ocrx_word' id='word_1_55' title='bbox 1329 688 1371 725; x_wconf 89' lang='lat' dir='ltr'>et</span> <span class='ocrx_word' id='word_1_56' title='bbox 1400 686 1622 726; x_wconf 87' lang='lat' dir='ltr'>dominica</span> <span class='ocrx_word' id='word_1_57' title='bbox 1666 687 1882 737; x_wconf 77' lang='lat' dir='ltr'>sequenti.</span> 
     </span>
     <span class='ocr_line' id='line_1_8' title="bbox 266 748 1887 802; baseline 0.002 -16"><span class='ocrx_word' id='word_1_58' title='bbox 266 748 446 798; x_wconf 87' lang='lat' dir='ltr'>quando</span> <span class='ocrx_word' id='word_1_59' title='bbox 475 749 606 788; x_wconf 81' lang='lat' dir='ltr'>etiam</span> <span class='ocrx_word' id='word_1_60' title='bbox 651 750 864 791; x_wconf 88' lang='lat' dir='ltr'>iubileum</span> <span class='ocrx_word' id='word_1_61' title='bbox 912 752 1238 802; x_wconf 84' lang='lat' dir='ltr'>percipiendum</span> <span class='ocrx_word' id='word_1_62' title='bbox 1283 751 1618 797; x_wconf 80' lang='lat' dir='ltr'>concedebatur,</span> <span class='ocrx_word' id='word_1_63' title='bbox 1665 751 1780 790; x_wconf 87' lang='lat' dir='ltr'>ultra</span> <span class='ocrx_word' id='word_1_64' title='bbox 1809 752 1887 790; x_wconf 82' lang='lat'>300</span> 
     </span>
     <span class='ocr_line' id='line_1_9' title="bbox 268 815 1885 867; baseline 0.004 -17"><span class='ocrx_word' id='word_1_65' title='bbox 268 823 494 862; x_wconf 80' lang='lat' dir='ltr'>personae,</span> <span class='ocrx_word' id='word_1_66' title='bbox 528 815 692 854; x_wconf 88' lang='lat' dir='ltr'>nostris</span> <span class='ocrx_word' id='word_1_67' title='bbox 734 816 941 867; x_wconf 76' lang='lat' dir='ltr'>exceptis,</span> <span class='ocrx_word' id='word_1_68' title='bbox 986 818 1212 856; x_wconf 83' lang='lat' dir='ltr'>confessae</span> <span class='ocrx_word' id='word_1_69' title='bbox 1242 819 1373 867; x_wconf 80' lang='lat' dir='ltr'>atque</span> <span class='ocrx_word' id='word_1_70' title='bbox 1415 817 1765 856; x_wconf 86' lang='lat' dir='ltr'>communicatae</span> <span class='ocrx_word' id='word_1_71' title='bbox 1796 817 1885 856; x_wconf 89' lang='lat' dir='ltr'>fue-</span> 
     </span>
     <span class='ocr_line' id='line_1_10' title="bbox 267 879 1886 933; baseline 0.004 -18"><span class='ocrx_word' id='word_1_72' title='bbox 267 879 393 925; x_wconf 87' lang='lat' dir='ltr'>runt;</span> <span class='ocrx_word' id='word_1_73' title='bbox 426 889 505 918; x_wconf 92' lang='lat' dir='ltr'>nec</span> <span class='ocrx_word' id='word_1_74' title='bbox 533 879 688 919; x_wconf 86' lang='lat' dir='ltr'>dubito</span> <span class='ocrx_word' id='word_1_75' title='bbox 718 880 755 919; x_wconf 90' lang='lat' dir='ltr'>si</span> <span class='ocrx_word' id='word_1_76' title='bbox 787 881 935 932; x_wconf 89' lang='lat' dir='ltr'>plures</span> <span class='ocrx_word' id='word_1_77' title='bbox 955 882 1201 921; x_wconf 81' lang='lat' dir='ltr'>adfuissent</span> <span class='ocrx_word' id='word_1_78' title='bbox 1230 881 1505 931; x_wconf 74' lang='lat' dir='ltr'>confessarii,</span> <span class='ocrx_word' id='word_1_79' title='bbox 1537 882 1645 933; x_wconf 88' lang='lat' dir='ltr'>quin</span> <span class='ocrx_word' id='word_1_80' title='bbox 1676 882 1720 921; x_wconf 91' lang='lat' dir='ltr'>in</span> <span class='ocrx_word' id='word_1_81' title='bbox 1751 882 1886 932; x_wconf 90' lang='lat' dir='ltr'>duplo</span> 
     </span>
     <span class='ocr_line' id='line_1_11' title="bbox 266 943 1884 997; baseline 0.003 -17"><span class='ocrx_word' id='word_1_82' title='bbox 266 943 640 983; x_wconf 85' lang='lat' dir='ltr'>comunicantium</span> <span class='ocrx_word' id='word_1_83' title='bbox 686 945 903 985; x_wconf 83' lang='lat' dir='ltr'>extitisset</span> <span class='ocrx_word' id='word_1_84' title='bbox 935 946 1084 997; x_wconf 77' lang='lat' dir='ltr'>copia3</span> <span class='ocrx_word' id='word_1_85' title='bbox 1118 946 1244 985; x_wconf 89' lang='lat' dir='ltr'>multi</span> <span class='ocrx_word' id='word_1_86' title='bbox 1284 945 1400 985; x_wconf 82' lang='lat' dir='ltr'>enini</span> <span class='ocrx_word' id='word_1_87' title='bbox 1431 946 1487 985; x_wconf 90' lang='lat' dir='ltr'>ob</span> <span class='ocrx_word' id='word_1_88' title='bbox 1516 946 1884 986; x_wconf 82' lang='lat' dir='ltr'>confessariorum</span> 
     </span>
     <span class='ocr_line' id='line_1_12' title="bbox 268 1007 1887 1062; baseline 0.004 -18"><span class='ocrx_word' id='word_1_89' title='bbox 268 1007 514 1057; x_wconf 88' lang='lat' dir='ltr'>penuriam,</span> <span class='ocrx_word' id='word_1_90' title='bbox 559 1011 636 1048; x_wconf 88' lang='lat' dir='ltr'>aut</span> <span class='ocrx_word' id='word_1_91' title='bbox 683 1009 1029 1058; x_wconf 81' lang='lat' dir='ltr'>intermiserunt,</span> <span class='ocrx_word' id='word_1_92' title='bbox 1076 1013 1152 1050; x_wconf 87' lang='lat' dir='ltr'>aut</span> <span class='ocrx_word' id='word_1_93' title='bbox 1194 1010 1282 1049; x_wconf 91' lang='lat' dir='ltr'>alio</span> <span class='ocrx_word' id='word_1_94' title='bbox 1325 1022 1371 1049; x_wconf 89' lang='lat' dir='ltr'>se</span> <span class='ocrx_word' id='word_1_95' title='bbox 1414 1011 1719 1058; x_wconf 82' lang='lat' dir='ltr'>contulerunt;</span> <span class='ocrx_word' id='word_1_96' title='bbox 1769 1011 1887 1062; x_wconf 88' lang='lat' dir='ltr'>quod</span> 
     </span>
     <span class='ocr_line' id='line_1_13' title="bbox 267 1072 1888 1126; baseline 0.003 -17"><span class='ocrx_word' id='word_1_97' title='bbox 267 1072 541 1112; x_wconf 83' lang='lat' dir='ltr'>sacristanus</span> <span class='ocrx_word' id='word_1_98' title='bbox 570 1074 702 1113; x_wconf 85' lang='lat' dir='ltr'>etiam</span> <span class='ocrx_word' id='word_1_99' title='bbox 734 1075 779 1114; x_wconf 87' lang='lat' dir='ltr'>in</span> <span class='ocrx_word' id='word_1_100' title='bbox 809 1075 911 1125; x_wconf 85' lang='lat' dir='ltr'>alijs</span> <span class='ocrx_word' id='word_1_101' title='bbox 941 1075 1260 1115; x_wconf 85' lang='lat' dir='ltr'>t’estiuitatibus</span> <span class='ocrx_word' id='word_1_102' title='bbox 1292 1076 1453 1114; x_wconf 82' lang='lat' dir='ltr'>factum</span> <span class='ocrx_word' id='word_1_103' title='bbox 1485 1075 1663 1126; x_wconf 89' lang='lat' dir='ltr'>saepius</span> <span class='ocrx_word' id='word_1_104' title='bbox 1691 1075 1888 1114; x_wconf 83' lang='lat' dir='ltr'>animad-</span> 
     </span>
     <span class='ocr_line' id='line_1_14' title="bbox 269 1137 1888 1195; baseline 0.002 -20"><span class='ocrx_word' id='word_1_105' title='bbox 269 1137 411 1195; x_wconf 56' lang='lat' dir='ltr'>uertit7</span> <span class='ocrx_word' id='word_1_106' title='bbox 461 1138 560 1177; x_wconf 87' lang='lat' dir='ltr'>[stis</span> <span class='ocrx_word' id='word_1_107' title='bbox 603 1139 774 1183; x_wconf 78' lang='lat' dir='ltr'>diebus,</span> <span class='ocrx_word' id='word_1_108' title='bbox 822 1141 927 1179; x_wconf 87' lang='lat' dir='ltr'>baro</span> <span class='ocrx_word' id='word_1_109' title='bbox 970 1140 1145 1191; x_wconf 80' lang='lat' dir='ltr'>quidem</span> <span class='ocrx_word' id='word_1_110' title='bbox 1197 1141 1425 1187; x_wconf 78' lang='lat' dir='ltr'>bohemus,</span> <span class='ocrx_word' id='word_1_111' title='bbox 1457 1140 1533 1191; x_wconf 80' lang='lat' dir='ltr'>qui</span> <span class='ocrx_word' id='word_1_112' title='bbox 1583 1140 1628 1179; x_wconf 89' lang='lat' dir='ltr'>in</span> <span class='ocrx_word' id='word_1_113' title='bbox 1672 1140 1764 1180; x_wconf 85' lang='lat' dir='ltr'>uita</span> <span class='ocrx_word' id='word_1_114' title='bbox 1808 1152 1888 1179; x_wconf 89' lang='lat' dir='ltr'>sua</span> 
     </span>
     <span class='ocr_line' id='line_1_15' title="bbox 268 1204 1885 1255; baseline 0.002 -15"><span class='ocrx_word' id='word_1_115' title='bbox 268 1213 494 1253; x_wconf 87' lang='lat' dir='ltr'>nunquam</span> <span class='ocrx_word' id='word_1_116' title='bbox 522 1206 614 1242; x_wconf 89' lang='lat' dir='ltr'>erat</span> <span class='ocrx_word' id='word_1_117' title='bbox 633 1204 878 1252; x_wconf 78' lang='lat' dir='ltr'>confessus,</span> <span class='ocrx_word' id='word_1_118' title='bbox 910 1208 952 1244; x_wconf 90' lang='lat' dir='ltr'>et</span> <span class='ocrx_word' id='word_1_119' title='bbox 973 1205 1124 1245; x_wconf 87' lang='lat' dir='ltr'>multis</span> <span class='ocrx_word' id='word_1_120' title='bbox 1154 1205 1377 1244; x_wconf 88' lang='lat' dir='ltr'>erroribus</span> <span class='ocrx_word' id='word_1_121' title='bbox 1407 1207 1538 1255; x_wconf 84' lang='lat' dir='ltr'>atque</span> <span class='ocrx_word' id='word_1_122' title='bbox 1583 1205 1885 1255; x_wconf 81' lang='lat' dir='ltr'>piccardorum</span> 
     </span>
     <span class='ocr_line' id='line_1_16' title="bbox 267 1266 1884 1320; baseline 0.002 -15"><span class='ocrx_word' id='word_1_123' title='bbox 267 1266 366 1306; x_wconf 85' lang='lat' dir='ltr'>labe</span> <span class='ocrx_word' id='word_1_124' title='bbox 410 1267 613 1315; x_wconf 75' lang='lat' dir='ltr'>infectus,</span> <span class='ocrx_word' id='word_1_125' title='bbox 662 1281 736 1320; x_wconf 90' lang='lat' dir='ltr'>per</span> <span class='ocrx_word' id='word_1_126' title='bbox 777 1270 1098 1309; x_wconf 84' lang='lat' dir='ltr'>confessionem</span> <span class='ocrx_word' id='word_1_127' title='bbox 1166 1271 1383 1309; x_wconf 86' lang='lat' dir='ltr'>Ecclesiae</span> <span class='ocrx_word' id='word_1_128' title='bbox 1433 1270 1551 1309; x_wconf 83' lang='lat' dir='ltr'>tilius</span> <span class='ocrx_word' id='word_1_129' title='bbox 1595 1272 1660 1309; x_wconf 89' lang='lat' dir='ltr'>est</span> <span class='ocrx_word' id='word_1_130' title='bbox 1690 1270 1884 1310; x_wconf 79' lang='lat' dir='ltr'>effectus.</span> 
     </span>
     <span class='ocr_line' id='line_1_17' title="bbox 268 1331 1886 1385; baseline 0.002 -15"><span class='ocrx_word' id='word_1_131' title='bbox 268 1331 398 1371; x_wconf 86' lang='lat' dir='ltr'>Alius</span> <span class='ocrx_word' id='word_1_132' title='bbox 427 1333 605 1383; x_wconf 88' lang='lat' dir='ltr'>quidam</span> <span class='ocrx_word' id='word_1_133' title='bbox 653 1334 882 1381; x_wconf 79' lang='lat' dir='ltr'>bohemus,</span> <span class='ocrx_word' id='word_1_134' title='bbox 928 1334 1057 1374; x_wconf 86' lang='lat' dir='ltr'>etiam</span> <span class='ocrx_word' id='word_1_135' title='bbox 1090 1335 1164 1385; x_wconf 85' lang='lat' dir='ltr'>qui</span> <span class='ocrx_word' id='word_1_136' title='bbox 1198 1347 1271 1385; x_wconf 89' lang='lat' dir='ltr'>per</span> <span class='ocrx_word' id='word_1_137' title='bbox 1304 1335 1350 1373; x_wconf 71' lang='lat'>18</span> <span class='ocrx_word' id='word_1_138' title='bbox 1379 1347 1522 1374; x_wconf 90' lang='lat' dir='ltr'>annos</span> <span class='ocrx_word' id='word_1_139' title='bbox 1564 1335 1886 1374; x_wconf 82' lang='lat' dir='ltr'>confessionem</span> 
     </span>
     <span class='ocr_line' id='line_1_18' title="bbox 267 1397 1887 1450; baseline 0.002 -15"><span class='ocrx_word' id='word_1_140' title='bbox 267 1397 577 1443; x_wconf 72' lang='lat' dir='ltr'>intermiserat,</span> <span class='ocrx_word' id='word_1_141' title='bbox 610 1401 860 1438; x_wconf 85' lang='lat' dir='ltr'>nostrorum</span> <span class='ocrx_word' id='word_1_142' title='bbox 905 1411 1037 1450; x_wconf 87' lang='lat' dir='ltr'>opera</span> <span class='ocrx_word' id='word_1_143' title='bbox 1079 1400 1401 1439; x_wconf 78' lang='lat' dir='ltr'>confessionem</span> <span class='ocrx_word' id='word_1_144' title='bbox 1433 1400 1682 1450; x_wconf 74' lang='lat' dir='ltr'>resumpsit.</span> <span class='ocrx_word' id='word_1_145' title='bbox 1716 1399 1887 1439; x_wconf 79' lang='lat' dir='ltr'>Similia</span> 
     </span>
     <span class='ocr_line' id='line_1_19' title="bbox 270 1463 1888 1515; baseline 0.002 -15"><span class='ocrx_word' id='word_1_146' title='bbox 270 1473 441 1512; x_wconf 76' lang='lat' dir='ltr'>possem</span> <span class='ocrx_word' id='word_1_147' title='bbox 475 1463 600 1513; x_wconf 86' lang='lat' dir='ltr'>plura</span> <span class='ocrx_word' id='word_1_148' title='bbox 638 1465 808 1511; x_wconf 64' lang='lat' dir='ltr'>referre,</span> <span class='ocrx_word' id='word_1_149' title='bbox 832 1465 907 1504; x_wconf 90' lang='lat' dir='ltr'>sed</span> <span class='ocrx_word' id='word_1_150' title='bbox 945 1465 1148 1504; x_wconf 86' lang='lat' dir='ltr'>breuitati</span> <span class='ocrx_word' id='word_1_151' title='bbox 1175 1466 1442 1504; x_wconf 86' lang='lat' dir='ltr'>studendum</span> <span class='ocrx_word' id='word_1_152' title='bbox 1473 1467 1514 1503; x_wconf 85' lang='lat' dir='ltr'>et</span> <span class='ocrx_word' id='word_1_153' title='bbox 1543 1465 1683 1504; x_wconf 85' lang='lat' dir='ltr'>literis</span> <span class='ocrx_word' id='word_1_154' title='bbox 1712 1465 1888 1515; x_wconf 81' lang='lat' dir='ltr'>quadri-</span> 
     </span>
     <span class='ocr_line' id='line_1_20' title="bbox 268 1528 1288 1569; baseline 0.004 -4"><span class='ocrx_word' id='word_1_155' title='bbox 268 1528 505 1567; x_wconf 86' lang='lat' dir='ltr'>mestribus</span> <span class='ocrx_word' id='word_1_156' title='bbox 536 1530 801 1568; x_wconf 84' lang='lat' dir='ltr'>reseruanda</span> <span class='ocrx_word' id='word_1_157' title='bbox 832 1530 1087 1569; x_wconf 84' lang='lat' dir='ltr'>huiusmodi</span> <span class='ocrx_word' id='word_1_158' title='bbox 1118 1542 1288 1569; x_wconf 85' lang='lat' dir='ltr'>censeo.</span> 
     </span>
    </p>

    <p class='ocr_par' dir='ltr' id='par_1_3' title="bbox 267 1593 1890 2617">
     <span class='ocr_line' id='line_1_21' title="bbox 346 1593 1888 1645; baseline 0.001 -14"><span class='ocrx_word' id='word_1_159' title='bbox 346 1593 383 1631; x_wconf 74' lang='lat'>4.</span> <span class='ocrx_word' id='word_1_160' title='bbox 415 1593 655 1633; x_wconf 84' lang='lat' dir='ltr'>Laborauit</span> <span class='ocrx_word' id='word_1_161' title='bbox 698 1594 743 1634; x_wconf 90' lang='lat' dir='ltr'>P.</span> <span class='ocrx_word' id='word_1_162' title='bbox 775 1597 915 1633; x_wconf 81' lang='lat' dir='ltr'>rector</span> <span class='ocrx_word' id='word_1_163' title='bbox 948 1595 1162 1633; x_wconf 84' lang='lat' dir='ltr'>hactenus</span> <span class='ocrx_word' id='word_1_164' title='bbox 1206 1595 1461 1645; x_wconf 70' lang='lat' dir='ltr'>plurimum,</span> <span class='ocrx_word' id='word_1_165' title='bbox 1494 1597 1541 1634; x_wconf 88' lang='lat' dir='ltr'>ut</span> <span class='ocrx_word' id='word_1_166' title='bbox 1583 1595 1770 1645; x_wconf 78' lang='lat' dir='ltr'>collegio</span> <span class='ocrx_word' id='word_1_167' title='bbox 1814 1607 1888 1633; x_wconf 92' lang='lat' dir='ltr'>no-</span> 
     </span>
     <span class='ocr_line' id='line_1_22' title="bbox 268 1658 1885 1710; baseline 0.001 -14"><span class='ocrx_word' id='word_1_168' title='bbox 268 1670 325 1697; x_wconf 93' lang='lat' dir='ltr'>uo</span> <span class='ocrx_word' id='word_1_169' title='bbox 354 1659 384 1700; x_wconf 70' lang='lat'>²,</span> <span class='ocrx_word' id='word_1_170' title='bbox 435 1658 568 1697; x_wconf 86' lang='lat' dir='ltr'>simul</span> <span class='ocrx_word' id='word_1_171' title='bbox 612 1671 661 1697; x_wconf 91' lang='lat' dir='ltr'>ac</span> <span class='ocrx_word' id='word_1_172' title='bbox 699 1659 1031 1698; x_wconf 80' lang='lat' dir='ltr'>conuictoribus</span> <span class='ocrx_word' id='word_1_173' title='bbox 1073 1660 1252 1699; x_wconf 86' lang='lat' dir='ltr'>domum</span> <span class='ocrx_word' id='word_1_174' title='bbox 1296 1660 1555 1710; x_wconf 73' lang='lat' dir='ltr'>acquireret,</span> <span class='ocrx_word' id='word_1_175' title='bbox 1587 1661 1627 1698; x_wconf 91' lang='lat' dir='ltr'>et</span> <span class='ocrx_word' id='word_1_176' title='bbox 1657 1662 1771 1698; x_wconf 79' lang='lat' dir='ltr'>esset</span> <span class='ocrx_word' id='word_1_177' title='bbox 1800 1659 1885 1698; x_wconf 83' lang='lat' dir='ltr'>ian]</span> 
     </span>
     <span class='ocr_line' id='line_1_23' title="bbox 268 1723 1888 1775; baseline 0.001 -13"><span class='ocrx_word' id='word_1_178' title='bbox 268 1723 313 1762; x_wconf 89' lang='lat' dir='ltr'>in</span> <span class='ocrx_word' id='word_1_179' title='bbox 345 1723 464 1762; x_wconf 85' lang='lat' dir='ltr'>hunc</span> <span class='ocrx_word' id='word_1_180' title='bbox 494 1735 623 1762; x_wconf 88' lang='lat' dir='ltr'>usum</span> <span class='ocrx_word' id='word_1_181' title='bbox 655 1726 806 1773; x_wconf 84' lang='lat' dir='ltr'>parata</span> <span class='ocrx_word' id='word_1_182' title='bbox 837 1725 1047 1775; x_wconf 80' lang='lat' dir='ltr'>pecunia:</span> <span class='ocrx_word' id='word_1_183' title='bbox 1079 1725 1151 1762; x_wconf 76' lang='lat' dir='ltr'>sed</span> <span class='ocrx_word' id='word_1_184' title='bbox 1189 1725 1399 1775; x_wconf 81' lang='lat' dir='ltr'>quoniam</span> <span class='ocrx_word' id='word_1_185' title='bbox 1436 1724 1629 1774; x_wconf 87' lang='lat' dir='ltr'>hospitia</span> <span class='ocrx_word' id='word_1_186' title='bbox 1659 1726 1699 1763; x_wconf 83' lang='lat' dir='ltr'>et</span> <span class='ocrx_word' id='word_1_187' title='bbox 1729 1725 1888 1764; x_wconf 83' lang='lat' dir='ltr'>domus</span> 
     </span>
     <span class='ocr_line' id='line_1_24' title="bbox 268 1788 1887 1840; baseline 0.001 -14"><span class='ocrx_word' id='word_1_188' title='bbox 268 1788 314 1826; x_wconf 88' lang='lat' dir='ltr'>in</span> <span class='ocrx_word' id='word_1_189' title='bbox 344 1788 523 1827; x_wconf 81' lang='lat' dir='ltr'>ciuitate</span> <span class='ocrx_word' id='word_1_190' title='bbox 553 1789 635 1827; x_wconf 82' lang='lat' dir='ltr'>hac</span> <span class='ocrx_word' id='word_1_191' title='bbox 669 1791 842 1839; x_wconf 80' lang='lat' dir='ltr'>propter</span> <span class='ocrx_word' id='word_1_192' title='bbox 871 1789 1100 1828; x_wconf 83' lang='lat' dir='ltr'>hominum</span> <span class='ocrx_word' id='word_1_193' title='bbox 1133 1790 1424 1840; x_wconf 84' lang='lat' dir='ltr'>frequentiam</span> <span class='ocrx_word' id='word_1_194' title='bbox 1446 1789 1625 1828; x_wconf 85' lang='lat' dir='ltr'>difficile</span> <span class='ocrx_word' id='word_1_195' title='bbox 1654 1789 1887 1828; x_wconf 88' lang='lat' dir='ltr'>inuenian-</span> 
     </span>
     <span class='ocr_line' id='line_1_25' title="bbox 268 1854 1887 1905; baseline 0.001 -13"><span class='ocrx_word' id='word_1_196' title='bbox 268 1855 352 1900; x_wconf 72' lang='lat' dir='ltr'>tur,</span> <span class='ocrx_word' id='word_1_197' title='bbox 385 1854 529 1893; x_wconf 82' lang='lat' dir='ltr'>adhuc</span> <span class='ocrx_word' id='word_1_198' title='bbox 559 1854 762 1904; x_wconf 83' lang='lat' dir='ltr'>desiderij</span> <span class='ocrx_word' id='word_1_199' title='bbox 795 1866 975 1904; x_wconf 83' lang='lat' dir='ltr'>compos</span> <span class='ocrx_word' id='word_1_200' title='bbox 1017 1855 1109 1893; x_wconf 76' lang='lat' dir='ltr'>fieri</span> <span class='ocrx_word' id='word_1_201' title='bbox 1140 1866 1229 1893; x_wconf 89' lang='lat' dir='ltr'>non</span> <span class='ocrx_word' id='word_1_202' title='bbox 1262 1854 1425 1905; x_wconf 84' lang='lat' dir='ltr'>potuit:</span> <span class='ocrx_word' id='word_1_203' title='bbox 1460 1866 1548 1893; x_wconf 92' lang='lat' dir='ltr'>non</span> <span class='ocrx_word' id='word_1_204' title='bbox 1580 1856 1727 1893; x_wconf 86' lang='lat' dir='ltr'>tamen</span> <span class='ocrx_word' id='word_1_205' title='bbox 1759 1854 1887 1904; x_wconf 90' lang='lat' dir='ltr'>depo-</span> 
     </span>
     <span class='ocr_line' id='line_1_26' title="bbox 268 1919 1884 1970; baseline 0 -13"><span class='ocrx_word' id='word_1_206' title='bbox 268 1919 390 1957; x_wconf 80' lang='lat' dir='ltr'>nitur</span> <span class='ocrx_word' id='word_1_207' title='bbox 418 1931 540 1969; x_wconf 76' lang='lat' dir='ltr'>spes;</span> <span class='ocrx_word' id='word_1_208' title='bbox 575 1920 684 1958; x_wconf 78' lang='lat' dir='ltr'>torte</span> <span class='ocrx_word' id='word_1_209' title='bbox 715 1922 810 1969; x_wconf 88' lang='lat' dir='ltr'>post</span> <span class='ocrx_word' id='word_1_210' title='bbox 844 1920 1006 1958; x_wconf 82' lang='lat' dir='ltr'>multos</span> <span class='ocrx_word' id='word_1_211' title='bbox 1041 1919 1213 1958; x_wconf 84' lang='lat' dir='ltr'>labores</span> <span class='ocrx_word' id='word_1_212' title='bbox 1247 1922 1541 1970; x_wconf 78' lang='lat' dir='ltr'>consequetur</span> <span class='ocrx_word' id='word_1_213' title='bbox 1571 1919 1884 1958; x_wconf 83' lang='lat' dir='ltr'>desideratum.</span> 
     </span>
     <span class='ocr_line' id='line_1_27' title="bbox 267 1983 1887 2035; baseline -0.001 -12"><span class='ocrx_word' id='word_1_214' title='bbox 267 1983 514 2034; x_wconf 75' lang='lat' dir='ltr'>Collegium</span> <span class='ocrx_word' id='word_1_215' title='bbox 550 1996 717 2023; x_wconf 86' lang='lat' dir='ltr'>nouum</span> <span class='ocrx_word' id='word_1_216' title='bbox 761 1986 892 2035; x_wconf 89' lang='lat' dir='ltr'>atque</span> <span class='ocrx_word' id='word_1_217' title='bbox 934 1984 1209 2023; x_wconf 76' lang='lat' dir='ltr'>conuictores</span> <span class='ocrx_word' id='word_1_218' title='bbox 1255 1985 1361 2023; x_wconf 85' lang='lat' dir='ltr'>bene</span> <span class='ocrx_word' id='word_1_219' title='bbox 1408 1984 1535 2023; x_wconf 72' lang='lat' dir='ltr'>inodo</span> <span class='ocrx_word' id='word_1_220' title='bbox 1565 1996 1611 2023; x_wconf 89' lang='lat' dir='ltr'>se</span> <span class='ocrx_word' id='word_1_221' title='bbox 1642 1986 1814 2034; x_wconf 69' lang='lat' dir='ltr'>gerunt..</span> <span class='ocrx_word' id='word_1_222' title='bbox 1847 1985 1887 2022; x_wconf 92' lang='lat' dir='ltr'>et</span> 
     </span>
     <span class='ocr_line' id='line_1_28' title="bbox 270 2048 1888 2099; baseline -0.001 -12"><span class='ocrx_word' id='word_1_223' title='bbox 270 2049 385 2087; x_wconf 85' lang='lat' dir='ltr'>bona</span> <span class='ocrx_word' id='word_1_224' title='bbox 414 2048 540 2099; x_wconf 74' lang='lat' dir='ltr'>signa</span> <span class='ocrx_word' id='word_1_225' title='bbox 582 2048 755 2087; x_wconf 85' lang='lat' dir='ltr'>futurae</span> <span class='ocrx_word' id='word_1_226' title='bbox 798 2049 974 2098; x_wconf 87' lang='lat' dir='ltr'>pietatis</span> <span class='ocrx_word' id='word_1_227' title='bbox 1005 2049 1049 2087; x_wconf 91' lang='lat' dir='ltr'>in</span> <span class='ocrx_word' id='word_1_228' title='bbox 1095 2049 1296 2098; x_wconf 82' lang='lat' dir='ltr'>pluribus</span> <span class='ocrx_word' id='word_1_229' title='bbox 1339 2050 1565 2098; x_wconf 78' lang='lat' dir='ltr'>apparent.</span> <span class='ocrx_word' id='word_1_230' title='bbox 1604 2048 1888 2087; x_wconf 77' lang='lat' dir='ltr'>Conuictores</span> 
     </span>
     <span class='ocr_line' id='line_1_29' title="bbox 269 2113 1887 2164; baseline -0.001 -13"><span class='ocrx_word' id='word_1_231' title='bbox 269 2125 292 2152; x_wconf 89' lang='lat' dir='ltr'>a</span> <span class='ocrx_word' id='word_1_232' title='bbox 324 2113 371 2152; x_wconf 90' lang='lat' dir='ltr'>P.</span> <span class='ocrx_word' id='word_1_233' title='bbox 405 2113 572 2160; x_wconf 83' lang='lat' dir='ltr'>Thoma</span> <span class='ocrx_word' id='word_1_234' title='bbox 621 2115 634 2136; x_wconf 83' lang='grc'><strong>3</strong></span> <span class='ocrx_word' id='word_1_235' title='bbox 691 2113 767 2164; x_wconf 83' lang='lat' dir='ltr'>qui</span> <span class='ocrx_word' id='word_1_236' title='bbox 812 2113 996 2152; x_wconf 84' lang='lat' dir='ltr'>istorum</span> <span class='ocrx_word' id='word_1_237' title='bbox 1040 2115 1285 2162; x_wconf 76' lang='lat' dir='ltr'>praefectus</span> <span class='ocrx_word' id='word_1_238' title='bbox 1328 2115 1407 2154; x_wconf 71' lang='lat' dir='ltr'>est,</span> <span class='ocrx_word' id='word_1_239' title='bbox 1450 2125 1536 2151; x_wconf 80' lang='lat' dir='ltr'>non</span> <span class='ocrx_word' id='word_1_240' title='bbox 1584 2124 1737 2161; x_wconf 81' lang='lat' dir='ltr'>parum</span> <span class='ocrx_word' id='word_1_241' title='bbox 1785 2115 1887 2151; x_wconf 89' lang='lat' dir='ltr'>sunt</span> 
     </span>
     <span class='ocr_line' id='line_1_30' title="bbox 269 2177 1888 2228; baseline -0.001 -12"><span class='ocrx_word' id='word_1_242' title='bbox 269 2178 425 2225; x_wconf 64' lang='lat' dir='ltr'>adiuti,</span> <span class='ocrx_word' id='word_1_243' title='bbox 472 2191 520 2217; x_wconf 85' lang='lat' dir='ltr'>ac</span> <span class='ocrx_word' id='word_1_244' title='bbox 552 2178 652 2217; x_wconf 82' lang='lat' dir='ltr'>sacti</span> <span class='ocrx_word' id='word_1_245' title='bbox 687 2178 1018 2217; x_wconf 82' lang='lat' dir='ltr'>mansuetiores.</span> <span class='ocrx_word' id='word_1_246' title='bbox 1052 2178 1258 2219; x_wconf 73' lang='lat' dir='ltr'>Lazarus,</span> <span class='ocrx_word' id='word_1_247' title='bbox 1291 2178 1425 2216; x_wconf 88' lang='lat' dir='ltr'>italus</span> <span class='ocrx_word' id='word_1_248' title='bbox 1454 2181 1483 2218; x_wconf 68' lang='lat'>⁴.</span> <span class='ocrx_word' id='word_1_249' title='bbox 1533 2177 1607 2228; x_wconf 76' lang='lat' dir='ltr'>qui</span> <span class='ocrx_word' id='word_1_250' title='bbox 1641 2189 1780 2227; x_wconf 72' lang='lat' dir='ltr'>nuper</span> <span class='ocrx_word' id='word_1_251' title='bbox 1802 2177 1888 2215; x_wconf 85' lang='lat' dir='ltr'>Au-</span> 
     </span>
     <span class='ocr_line' id='line_1_31' title="bbox 269 2241 1888 2293; baseline -0.002 -12"><span class='ocrx_word' id='word_1_252' title='bbox 269 2245 400 2293; x_wconf 75' lang='lat' dir='ltr'>gusta</span> <span class='ocrx_word' id='word_1_253' title='bbox 434 2243 520 2282; x_wconf 85' lang='lat' dir='ltr'>huc</span> <span class='ocrx_word' id='word_1_254' title='bbox 565 2243 728 2282; x_wconf 83' lang='lat' dir='ltr'>missus</span> <span class='ocrx_word' id='word_1_255' title='bbox 766 2246 846 2289; x_wconf 70' lang='lat' dir='ltr'>est,</span> <span class='ocrx_word' id='word_1_256' title='bbox 878 2243 1096 2281; x_wconf 81' lang='lat' dir='ltr'>absolutis</span> <span class='ocrx_word' id='word_1_257' title='bbox 1139 2242 1449 2292; x_wconf 85' lang='lat' dir='ltr'>spiritualibus</span> <span class='ocrx_word' id='word_1_258' title='bbox 1492 2241 1727 2291; x_wconf 73' lang='lat' dir='ltr'>exercitiis,</span> <span class='ocrx_word' id='word_1_259' title='bbox 1761 2241 1888 2279; x_wconf 79' lang='lat' dir='ltr'>modo</span> 
     </span>
     <span class='ocr_line' id='line_1_32' title="bbox 270 2305 1887 2357; baseline -0.002 -10"><span class='ocrx_word' id='word_1_260' title='bbox 270 2308 314 2346; x_wconf 86' lang='lat' dir='ltr'>in</span> <span class='ocrx_word' id='word_1_261' title='bbox 359 2308 507 2347; x_wconf 83' lang='lat' dir='ltr'>culina</span> <span class='ocrx_word' id='word_1_262' title='bbox 551 2310 790 2353; x_wconf 78' lang='lat' dir='ltr'>exercetur,</span> <span class='ocrx_word' id='word_1_263' title='bbox 830 2310 876 2346; x_wconf 87' lang='lat' dir='ltr'>ut</span> <span class='ocrx_word' id='word_1_264' title='bbox 921 2308 1128 2357; x_wconf 82' lang='lat' dir='ltr'>probetur</span> <span class='ocrx_word' id='word_1_265' title='bbox 1169 2307 1265 2346; x_wconf 84' lang='lat' dir='ltr'>eius</span> <span class='ocrx_word' id='word_1_266' title='bbox 1308 2307 1506 2356; x_wconf 86' lang='lat' dir='ltr'>spiritus.</span> <span class='ocrx_word' id='word_1_267' title='bbox 1545 2307 1599 2345; x_wconf 87' lang='lat' dir='ltr'>M.</span> <span class='ocrx_word' id='word_1_268' title='bbox 1632 2305 1887 2356; x_wconf 74' lang='lat' dir='ltr'>Gregorius,</span> 
     </span>
     <span class='ocr_line' id='line_1_33' title="bbox 269 2370 1890 2424; baseline -0.003 -11"><span class='ocrx_word' id='word_1_269' title='bbox 269 2385 368 2413; x_wconf 86' lang='lat' dir='ltr'>cum</span> <span class='ocrx_word' id='word_1_270' title='bbox 401 2374 541 2424; x_wconf 76' lang='lat' dir='ltr'>magis</span> <span class='ocrx_word' id='word_1_271' title='bbox 571 2374 777 2412; x_wconf 83' lang='lat' dir='ltr'>idoneum</span> <span class='ocrx_word' id='word_1_272' title='bbox 810 2373 892 2411; x_wconf 80' lang='lat' dir='ltr'>hoe</span> <span class='ocrx_word' id='word_1_273' title='bbox 922 2375 1115 2422; x_wconf 86' lang='lat' dir='ltr'>tempore</span> <span class='ocrx_word' id='word_1_274' title='bbox 1146 2384 1235 2410; x_wconf 91' lang='lat' dir='ltr'>non</span> <span class='ocrx_word' id='word_1_275' title='bbox 1266 2372 1523 2415; x_wconf 75' lang='lat' dir='ltr'>habeamus,</span> <span class='ocrx_word' id='word_1_276' title='bbox 1555 2371 1732 2410; x_wconf 86' lang='lat' dir='ltr'>domum</span> <span class='ocrx_word' id='word_1_277' title='bbox 1765 2370 1890 2409; x_wconf 91' lang='lat' dir='ltr'>noui-</span> 
     </span>
     <span class='ocr_line' id='line_1_34' title="bbox 270 2435 1889 2488; baseline -0.003 -11"><span class='ocrx_word' id='word_1_278' title='bbox 270 2438 433 2477; x_wconf 84' lang='lat' dir='ltr'>tiorum</span> <span class='ocrx_word' id='word_1_279' title='bbox 465 2439 597 2487; x_wconf 64' lang='lat' dir='ltr'>regitg</span> <span class='ocrx_word' id='word_1_280' title='bbox 631 2438 706 2476; x_wconf 88' lang='lat' dir='ltr'>sed</span> <span class='ocrx_word' id='word_1_281' title='bbox 750 2450 849 2476; x_wconf 86' lang='lat' dir='ltr'>cum</span> <span class='ocrx_word' id='word_1_282' title='bbox 880 2439 980 2488; x_wconf 80' lang='lat' dir='ltr'>agat</span> <span class='ocrx_word' id='word_1_283' title='bbox 1010 2437 1140 2475; x_wconf 83' lang='lat' dir='ltr'>etiam</span> <span class='ocrx_word' id='word_1_284' title='bbox 1184 2436 1554 2479; x_wconf 76' lang='lat' dir='ltr'>concionatorem,</span> <span class='ocrx_word' id='word_1_285' title='bbox 1597 2435 1756 2474; x_wconf 90' lang='lat' dir='ltr'>deinde</span> <span class='ocrx_word' id='word_1_286' title='bbox 1802 2446 1889 2473; x_wconf 91' lang='lat' dir='ltr'>non</span> 
     </span>
     <span class='ocr_line' id='line_1_35' title="bbox 270 2499 1889 2549; baseline -0.003 -7"><span class='ocrx_word' id='word_1_287' title='bbox 270 2503 511 2542; x_wconf 89' lang='lat' dir='ltr'>absoluerit</span> <span class='ocrx_word' id='word_1_288' title='bbox 543 2514 737 2549; x_wconf 74' lang='lat' dir='ltr'>cursum,</span> <span class='ocrx_word' id='word_1_289' title='bbox 769 2502 951 2541; x_wconf 85' lang='lat' dir='ltr'>omnino</span> <span class='ocrx_word' id='word_1_290' title='bbox 993 2501 1130 2540; x_wconf 88' lang='lat' dir='ltr'>alium</span> <span class='ocrx_word' id='word_1_291' title='bbox 1161 2503 1202 2539; x_wconf 83' lang='lat' dir='ltr'>et</span> <span class='ocrx_word' id='word_1_292' title='bbox 1243 2501 1540 2543; x_wconf 77' lang='lat' dir='ltr'>maturiorem,</span> <span class='ocrx_word' id='word_1_293' title='bbox 1564 2502 1603 2539; x_wconf 87' lang='lat' dir='ltr'>et</span> <span class='ocrx_word' id='word_1_294' title='bbox 1640 2512 1664 2538; x_wconf 90' lang='lat' dir='ltr'>a</span> <span class='ocrx_word' id='word_1_295' title='bbox 1700 2499 1889 2549; x_wconf 72' lang='lat' dir='ltr'>negotiis</span> 
     </span>
     <span class='ocr_line' id='line_1_36' title="bbox 270 2567 1102 2617; baseline -0.002 -11"><span class='ocrx_word' id='word_1_296' title='bbox 270 2567 372 2617; x_wconf 77' lang='lat' dir='ltr'>aliJ&#39;s</span> <span class='ocrx_word' id='word_1_297' title='bbox 403 2568 589 2607; x_wconf 83' lang='lat' dir='ltr'>liberum</span> <span class='ocrx_word' id='word_1_298' title='bbox 621 2567 752 2606; x_wconf 87' lang='lat' dir='ltr'>nobis</span> <span class='ocrx_word' id='word_1_299' title='bbox 781 2568 1102 2617; x_wconf 86' lang='lat' dir='ltr'>exoptaremus.</span> 
     </span>
    </p>
   </div>
   <div class='ocr_carea' id='block_1_3' title="bbox 271 2750 1890 3058">
    <p class='ocr_par' dir='ltr' id='par_1_4' title="bbox 272 2750 1887 2847">
     <span class='ocr_line' id='line_1_37' title="bbox 334 2750 1887 2795; baseline -0.005 -8"><span class='ocrx_word' id='word_1_300' title='bbox 334 2758 343 2774; x_wconf 84' lang='lat'><strong>¹</strong></span> <span class='ocrx_word' id='word_1_301' title='bbox 367 2756 569 2795; x_wconf 72' lang='lat' dir='ltr'>Gregorius</span> <span class='ocrx_word' id='word_1_302' title='bbox 594 2754 808 2787; x_wconf 69' lang='lat' dir='ltr'>Rosseffius.</span> <span class='ocrx_word' id='word_1_303' title='bbox 847 2754 899 2786; x_wconf 85' lang='lat' dir='ltr'>Cf.</span> <span class='ocrx_word' id='word_1_304' title='bbox 924 2752 1068 2785; x_wconf 65' lang='lat' dir='ltr'>Lao’om</span> <span class='ocrx_word' id='word_1_305' title='bbox 1092 2752 1264 2783; x_wconf 60' lang='grc' dir='ltr'>Μουτίνῃ.</span> <span class='ocrx_word' id='word_1_306' title='bbox 1289 2752 1330 2784; x_wconf 74' lang='lat' dir='ltr'>V.</span> <span class='ocrx_word' id='word_1_307' title='bbox 1356 2752 1432 2784; x_wconf 63' lang='lat'><strong>4:34:</strong></span> <span class='ocrx_word' id='word_1_308' title='bbox 1470 2751 1774 2789; x_wconf 56' lang='lat' dir='ltr'>BRAUNSBERGER,</span> <span class='ocrx_word' id='word_1_309' title='bbox 1810 2750 1832 2781; x_wconf 92' lang='lat' dir='ltr'>l.</span> <span class='ocrx_word' id='word_1_310' title='bbox 1858 2760 1887 2780; x_wconf 71' lang='lat' dir='ltr'>c.</span> 
     </span>
     <span class='ocr_line' id='line_1_38' title="bbox 272 2809 412 2847; baseline -0.007 -7"><span class='ocrx_word' id='word_1_311' title='bbox 272 2809 315 2847; x_wconf 87' lang='lat' dir='ltr'>II,</span> <span class='ocrx_word' id='word_1_312' title='bbox 340 2809 412 2840; x_wconf 79' lang='lat'>559.</span> 
     </span>
    </p>

    <p class='ocr_par' dir='ltr' id='par_1_5' title="bbox 333 2856 1888 2898">
     <span class='ocr_line' id='line_1_39' title="bbox 333 2856 1888 2898; baseline -0.005 -5"><span class='ocrx_word' id='word_1_313' title='bbox 333 2864 345 2881; x_wconf 82' lang='lat'>2</span> <span class='ocrx_word' id='word_1_314' title='bbox 367 2862 419 2894; x_wconf 69' lang='lat' dir='ltr'>(ts.</span> <span class='ocrx_word' id='word_1_315' title='bbox 444 2862 588 2893; x_wconf 72' lang='lat' dir='ltr'>Laiwii</span> <span class='ocrx_word' id='word_1_316' title='bbox 624 2861 797 2893; x_wconf 74' lang='lat' dir='ltr'>Menum.</span> <span class='ocrx_word' id='word_1_317' title='bbox 823 2860 865 2898; x_wconf 89' lang='lat' dir='ltr'>V,</span> <span class='ocrx_word' id='word_1_318' title='bbox 891 2860 945 2895; x_wconf 82' lang='lat'>19:</span> <span class='ocrx_word' id='word_1_319' title='bbox 972 2859 1096 2890; x_wconf 80' lang='lat' dir='ltr'>DUHR:</span> <span class='ocrx_word' id='word_1_320' title='bbox 1119 2857 1344 2889; x_wconf 61' lang='lat' dir='ltr'>(leschin-hre-</span> <span class='ocrx_word' id='word_1_321' title='bbox 1362 2857 1431 2889; x_wconf 76' lang='lat' dir='ltr'>(Ier</span> <span class='ocrx_word' id='word_1_322' title='bbox 1446 2857 1664 2889; x_wconf 65' lang='lat' dir='ltr'>Jeszeitew...</span> <span class='ocrx_word' id='word_1_323' title='bbox 1684 2856 1709 2895; x_wconf 82' lang='grc' dir='ltr'>Ι,</span> <span class='ocrx_word' id='word_1_324' title='bbox 1727 2856 1798 2893; x_wconf 72' lang='lat'>0295,</span> <span class='ocrx_word' id='word_1_325' title='bbox 1816 2856 1888 2886; x_wconf 78' lang='lat'><strong>316.</strong></span> 
     </span>
    </p>

    <p class='ocr_par' dir='ltr' id='par_1_6' title="bbox 333 2913 869 2955">
     <span class='ocr_line' id='line_1_40' title="bbox 333 2913 869 2955; baseline -0.002 -9"><span class='ocrx_word' id='word_1_326' title='bbox 333 2918 345 2934; x_wconf 75' lang='lat'><strong>³</strong></span> <span class='ocrx_word' id='word_1_327' title='bbox 366 2915 459 2947; x_wconf 87' lang='lat' dir='ltr'>Vide</span> <span class='ocrx_word' id='word_1_328' title='bbox 482 2924 566 2955; x_wconf 78' lang='lat' dir='ltr'>pag.</span> <span class='ocrx_word' id='word_1_329' title='bbox 593 2915 662 2953; x_wconf 82' lang='lat'>158,</span> <span class='ocrx_word' id='word_1_330' title='bbox 687 2914 814 2946; x_wconf 82' lang='lat' dir='ltr'>annot.</span> <span class='ocrx_word' id='word_1_331' title='bbox 839 2913 869 2945; x_wconf 86' lang='lat'>3.</span> 
     </span>
    </p>

    <p class='ocr_par' dir='ltr' id='par_1_7' title="bbox 271 2960 1890 3058">
     <span class='ocr_line' id='line_1_41' title="bbox 335 2960 1890 3008; baseline -0.006 -8"><span class='ocrx_word' id='word_1_332' title='bbox 335 2970 345 2987; x_wconf 77' lang='lat'><strong>⁴</strong></span> <span class='ocrx_word' id='word_1_333' title='bbox 370 2969 529 3000; x_wconf 87' lang='lat' dir='ltr'>Lazarus</span> <span class='ocrx_word' id='word_1_334' title='bbox 560 2968 723 3008; x_wconf 79' lang='lat' dir='ltr'>Spinola,</span> <span class='ocrx_word' id='word_1_335' title='bbox 741 2966 954 3008; x_wconf 82' lang='lat' dir='ltr'>genuensis,</span> <span class='ocrx_word' id='word_1_336' title='bbox 971 2965 1037 3006; x_wconf 82' lang='lat' dir='ltr'>qui</span> <span class='ocrx_word' id='word_1_337' title='bbox 1054 2964 1163 3006; x_wconf 85' lang='lat' dir='ltr'>paulo</span> <span class='ocrx_word' id='word_1_338' title='bbox 1180 2964 1259 3004; x_wconf 87' lang='lat' dir='ltr'>post</span> <span class='ocrx_word' id='word_1_339' title='bbox 1277 2972 1298 2994; x_wconf 86' lang='lat' dir='ltr'>a</span> <span class='ocrx_word' id='word_1_340' title='bbox 1315 2964 1498 2995; x_wconf 74' lang='lat' dir='ltr'>societate</span> <span class='ocrx_word' id='word_1_341' title='bbox 1514 2963 1657 2995; x_wconf 81' lang='lat' dir='ltr'>defecit.</span> <span class='ocrx_word' id='word_1_342' title='bbox 1673 2962 1724 2995; x_wconf 84' lang='lat' dir='ltr'>Cf.</span> <span class='ocrx_word' id='word_1_343' title='bbox 1746 2960 1890 2993; x_wconf 71' lang='lat' dir='ltr'>Laim&#39;i</span> 
     </span>
     <span class='ocr_line' id='line_1_42' title="bbox 271 3017 1211 3058; baseline -0.006 -4"><span class='ocrx_word' id='word_1_344' title='bbox 271 3022 447 3054; x_wconf 66' lang='lat' dir='ltr'>Momm.</span> <span class='ocrx_word' id='word_1_345' title='bbox 473 3022 513 3057; x_wconf 78' lang='lat' dir='ltr'>V,</span> <span class='ocrx_word' id='word_1_346' title='bbox 538 3022 615 3057; x_wconf 75' lang='lat'>437:</span> <span class='ocrx_word' id='word_1_347' title='bbox 642 3021 947 3058; x_wconf 72' lang='lat' dir='ltr'>BRAUNSBERGER,</span> <span class='ocrx_word' id='word_1_348' title='bbox 972 3019 995 3050; x_wconf 94' lang='lat' dir='ltr'>l.</span> <span class='ocrx_word' id='word_1_349' title='bbox 1020 3027 1050 3050; x_wconf 90' lang='lat' dir='ltr'>c.</span> <span class='ocrx_word' id='word_1_350' title='bbox 1076 3017 1137 3055; x_wconf 74' lang='grc' dir='ltr'>ΙΙΙ,</span> <span class='ocrx_word' id='word_1_351' title='bbox 1161 3018 1211 3049; x_wconf 85' lang='grc'>90.</span> 
     </span>
    </p>
   </div>
  </div>
 </body>
</html>
