2028 3531
547 258 619 294 495.
652 279 691 281 -
719 256 913 291 'sommo
941 256 986 291 30
1014 255 1164 290 MARTH
1200 254 1282 288 1561
1620 253 1683 287 175)

860 485 974 535 495

475 649 530 698 Ρ.
588 645 884 697 IOANNES
946 641 1364 694 MORTMGNE

624 795 810 822 ToRNAsto
845 786 891 819 30
918 794 1062 819 MARTII
1099 782 1184 817 1561
1214 783 1237 817 ¹.

102 930 214 969 Ante
245 929 356 967 duos
400 938 544 965 catinos
578 926 828 963 Toruacum
868 924 1052 969 missus,
1087 921 1291 959 laborum
1326 919 1502 969 fructus
1533 919 1625 956 iam
1656 916 1741 955 col-

212 994 348 1043 ligere
378 991 530 1041 coepit.
569 991 621 1028 P.
646 990 770 1027 Mox.
799 987 978 1037 Capella
1001 988 1149 1025 socius
1171 987 1210 1024 ei
1240 986 1374 1023 (latus
1395 995 1574 1022 sac-ram
1597 981 1742 1031 Scrip-

212 1060 363 1097 turam
393 1057 598 1106 exposuit
629 1055 941 1103 contionesque
970 1052 1138 1101 habuit,
1161 1051 1322 1101 quibus
1352 1050 1454 1088 boui
1488 1048 1744 1097 confirmati

210 1125 331 1163 sunt.
366 1122 500 1161 Solus
544 1133 664 1160 nunc
694 1121 859 1158 iterum
904 1131 1003 1157 cum
1038 1118 1189 1167 fructu
1229 1116 1414 1162 laborat,
1447 1113 1744 1153 crescentibus

212 1192 259 1228 in
289 1189 383 1227 dies
426 1186 712 1226 aiecium-ibus
743 1186 779 1224 et
810 1186 870 1223 iis
900 1186 978 1234 qui
1017 1184 1166 1222 octavo
1217 1193 1387 1231 quoque
1431 1180 1499 1219 die
1542 1179 1743 1218 euchari-

211 1256 349 1294 stiam
378 1253 581 1292 seruiunt.
620 1251 785 1290 Crescit
814 1251 950 1288 etiam
981 1248 1254 1287 desiderium
1290 1247 1466 1296 collegii
1496 1245 1743 1285 SocietcttiS.

213 1321 350 1359 Multi
380 1319 583 1358 diversae
603 1317 874 1356 conditionis
898 1316 1100 1354 homiues
1121 1314 1179 1352 ad
1199 1313 1436 1362 collegium
1457 1311 1745 1361 fundandum

212 1386 323 1425 bona
356 1384 563 1433 afferunt.
602 1383 817 1422 Rationes
851 1381 1044 1431 exponit,
1078 1392 1190 1429 quae
1220 1379 1459 1427 colleqium
1494 1378 1745 1415 Tornacum

212 1451 481 1490 mittendum
510 1449 715 1488 suadent.
754 1447 910 1486 Gravia
940 1446 1164 1485 benedicta
1189 1444 1406 1495 postulat.

213 1586 305 1625 Pax
334 1584 453 1625 Chri.
489 1585 587 1623 Iesu
619 1582 798 1622 Domini
845 1581 984 1621 nostri
1028 1581 1196 1620 exultet
1226 1580 1273 1619 in
1302 1579 1514 1619 cordibus
1560 1577 1741 1617 nostris.

108 1652 167 1692 Ut
195 1662 364 1693 eorum.
396 1661 510 1701 quae
540 1648 746 1689 Christus
778 1648 902 1687 lesus
932 1658 1009 1698 per
1038 1658 1170 1686 suum
1202 1645 1438 1685 minimum
1464 1646 1506 1683 et
1541 1643 1747 1683 inutilem

107 1728 287 1757 seruum
319 1715 507 1755 Tornaci
539 1714 751 1765 dignatus
781 1713 840 1752 sit
868 1711 1058 1763 operarj,
1097 1711 1148 1752 V.
1182 1711 1234 1751 R.
1268 1711 1316 1750 P.
1350 1709 1485 1749 semel
1530 1709 1748 1748 rationem

108 1782 315 1829 reddam;
348 1781 513 1820 abhinc
543 1779 717 1819 circiter
746 1779 860 1818 duos
890 1789 1034 1817 annos
1065 1777 1195 1816 Pater
1224 1778 1375 1816 noster
1406 1774 1705 1814 Prouincialis
1733 1775 1748 1797 ‘2

111 1847 231 1887 verbi
261 1846 338 1897 Dej
373 1847 505 1885 hamo
536 1857 604 1884 me
634 1844 854 1895 piscatum
886 1843 1009 1882 misit
1039 1842 1182 1893 primo
1212 1841 1267 1881 ad
1298 1853 1463 1892 pagum
1507 1839 1747 1891 quendam,

110 1912 393 1964 postmodum
418 1911 683 1950 Tornacum.
709 1909 800 1949 Etsi
833 1920 909 1960 per
938 1908 1111 1959 aliquot
1139 1908 1235 1947 dies
1265 1919 1315 1946 ac
1341 1908 1492 1946 noctes
1522 1905 1746 1953 laborans,

110 1990 201 2018 non
232 1989 371 2029 vsque
401 1977 512 2016 adeo
544 1975 731 2015 multum
778 1974 969 2025 ceperim
1000 1975 1037 2021 ³3
1071 1985 1224 2013 verum
1269 1971 1449 2024 quando
1495 1970 1663 2022 placuit
1692 1970 1748 2017 ei,

109 2043 186 2095 qui
217 2045 377 2094 potens
407 2044 474 2081 est
503 2041 654 2081 omnia
676 2041 818 2080 facere
848 2039 1267 2091 superabundanter
1295 2049 1428 2088 quam
1461 2036 1654 2088 petimus
1674 2038 1752 2075 aut

111 2109 407 2160 intelligimus
437 2111 466 2157 4,
500 2106 662 2147 laxatis
692 2106 739 2145 in
770 2106 904 2145 verbo
943 2117 1025 2145 suo
1056 2105 1241 2151 retibus,
1287 2103 1492 2154 impleuit
1522 2104 1559 2149 ὃς
1593 2114 1696 2141 nam
1726 2114 1751 2141 a

111 2174 384 2226 sesquianno
415 2172 740 2224 multiplicatus
770 2174 835 2211 est
866 2182 1080 2210 numerus
1110 2169 1240 2209 nobis
1283 2167 1591 2209 confitentium
1623 2180 1647 2206 a
1679 2168 1752 2207 vix

110 2240 275 2287 decem,
307 2239 384 2291 qui
414 2251 514 2278 raro
544 2238 784 2278 admodum
816 2236 1223 2283 communicabant,
1256 2246 1395 2286 Vsque
1416 2233 1471 2273 ad
1502 2233 1750 2284 sexaginta,

111 2305 276 2357 quibus
297 2304 492 2356 singulis
513 2302 754 2343 dominicis
775 2302 1068 2353 apposuimus
1091 2300 1270 2340 Domini
1300 2299 1441 2339 nostri
1465 2299 1564 2338 Iesu
1587 2298 1752 2338 Christi

112 2382 326 2410 mensam.
377 2369 516 2410 Cuius
559 2371 694 2420 gustu
742 2368 1006 2407 afficiuntur
1035 2367 1081 2406 in
1116 2366 1211 2406 dies
1259 2365 1412 2415 multi:
1463 2364 1753 2416 quamobrem

112 2438 260 2476 motus
292 2436 422 2475 Pater
453 2433 752 2474 Prouincialis
782 2445 806 2472 a
838 2432 1040 2472 Louanio
1071 2432 1116 2471 in
1149 2442 1338 2471 messem
1368 2432 1567 2470 nostram
1616 2429 1752 2476 misit,

112 2513 205 2541 non
233 2501 330 2540 sine
359 2512 523 2552 magna
551 2499 872 2539 catholicorum
916 2497 1237 2543 consolatione,
1270 2496 1458 2547 Mgrum.
1492 2494 1756 2534 Maximilia-

178 2686 188 2703 ¹
212 2684 264 2715 Ex
288 2682 523 2724 autographo
547 2683 586 2714 in
610 2682 689 2714 cod.
718 2681 847 2713 Germ.
874 2681 956 2719 142,
981 2680 1005 2713 f.
1030 2681 1103 2719 310,
1128 2681 1211 2719 311;
1237 2681 1343 2722 prius
1366 2680 1439 2718 307,
1464 2679 1526 2711 308
1549 2678 1730 2718 (332333).

177 2740 190 2756 ²
212 2737 249 2769 P.
275 2736 484 2769 Everardus
508 2735 776 2768 Marem-ianus.
803 2735 854 2766 De
877 2734 1002 2766 initiis
1025 2735 1061 2766 et
1084 2734 1305 2766 fundatione
1342 2732 1489 2773 collegii
1523 2731 1757 2764 tornacensis

116 2791 200 2824 vide
224 2791 277 2823 sis
301 2791 342 2824 A.
368 2790 578 2822 Poxcmm:
604 2788 780 2821 Histoire
805 2789 851 2820 de
868 2789 908 2820 la
929 2787 1167 2829 Compaynie
1192 2788 1237 2820 de
1260 2787 1377 2819 Jesus
1391 2787 1495 2818 dans
1512 2786 1567 2818 les
1590 2785 1757 2818 ariciens

115 2844 336 2885 Pays-Bas,
362 2844 389 2883 I,
414 2844 456 2875 60
478 2843 648 2884 sqq.,142
671 2852 762 2884 sqq;
787 2842 853 2883 qui
877 2851 962 2883 pag.
990 2842 1050 2874 144
1073 2841 1143 2874 hac
1166 2841 1326 2883 epistola
1359 2840 1493 2873 utitur.
1518 2839 1612 2872 Vide
1642 2839 1757 2871 etiam

115 2897 262 2930 Lainii
286 2897 555 2936 Monumenta,
582 2896 623 2936 V,
648 2896 720 2935 342,
746 2896 818 2934 426,
844 2895 928 2935 430:
954 2894 1014 2934 VI,
1042 2896 1112 2933 163,
1140 2895 1210 2927 165.

182 2953 194 2971 ³
216 2951 267 2984 Cf.
294 2951 380 2983 Luc.
411 2951 452 2990 V,
477 2951 507 2983 5.

181 3006 193 3024 ⁴
215 3004 266 3037 Cf.
292 3005 425 3037 Epulas.
451 3004 513 3044 III,
538 3004 589 3036 ⁹20.

181 3061 194 3078 ⁸
215 3058 316 3098 Luc„
342 3058 432 3091 ibid.
