2028 3531
348 251 418 287 434-
825 251 1029 289 LITTERAE
1055 252 1399 297 QUADRmnsrRES

1055 496 1165 546 557

672 636 730 686 Ρ.
789 636 1145 687 IOANNES
1206 635 1566 698 QUADRA

734 771 997 797 BELLOMONTE
1027 761 1041 796 1
1070 769 1318 796 SEPTEMBms
1345 759 1432 795 1561
1461 760 1484 795 ².

304 880 618 930 Confitentium
646 881 686 919 et
715 881 1143 920 communicantium
1185 879 1438 929 frequentia
1466 880 1504 918 et
1534 880 1711 929 fructus
1742 879 1916 918 auctus.

406 967 455 972 —-
489 945 724 985 Contiones
754 946 810 984 ad
836 946 1053 996 populum
1081 944 1311 992 habentur,
1344 945 1440 983 tum
1469 946 1517 983 in
1546 944 1712 992 nostro,
1746 944 1840 983 tum
1870 944 1920 982 in

407 1012 572 1049 maiori
616 1010 742 1049 urbis
791 1011 964 1060 templo.
1012 1031 1063 1036 —-
1105 1008 1287 1048 Scholae
1333 1009 1505 1058 florent.
1549 1030 1599 1035 —
1646 1009 1920 1047 Nostrorum

404 1076 588 1114 hortatu
616 1075 799 1125 quidam
829 1076 900 1113 vir
928 1074 1150 1113 vindictae
1174 1074 1458 1124 propositum
1488 1073 1648 1112 deserit
1664 1087 1678 1120 ;
1712 1073 1832 1112 alius
1862 1073 1920 1112 ad

406 1141 681 1179 consortium
723 1152 823 1179 cum
868 1151 1009 1179 uxore
1052 1151 1188 1189 quam
1234 1139 1546 1188 dereliquerat,
1590 1138 1734 1188 redit‚·
1780 1138 1917 1184 alius,

405 1205 563 1244 multis
604 1217 777 1252 exosus,
810 1217 910 1243 cum
952 1205 1010 1242 iis
1044 1216 1154 1254 quos
1182 1205 1372 1242 iniuriis
1415 1203 1630 1252 affecerat,
1661 1203 1920 1242 reconcilia-

407 1270 495 1308 tur.
526 1269 789 1308 Adolescens
812 1269 1015 1319 puellam
1043 1268 1269 1307 seductam
1291 1269 1340 1306 in
1369 1279 1556 1306 uxorem
1586 1268 1756 1317 accipit.
1779 1268 1920 1306 Fiunt

406 1336 526 1373 aeris
568 1335 708 1373 alieni
753 1335 1072 1373 restitutiones.
1102 1355 1153 1359 —
1182 1333 1412 1383 Religiosa
1442 1332 1682 1382 disciplina
1711 1333 1839 1382 viget.
1869 1354 1920 1359 —

409 1399 572 1449 Populi
600 1411 707 1449 er9a
735 1400 877 1438 socios
907 1398 1099 1447 affectus,
1132 1398 1311 1436 donatis
1334 1397 1511 1447 pulcris
1549 1398 1828 1436 ornamentis
1863 1397 1920 1436 ad

406 1465 577 1504 cultum
606 1464 811 1503 divinum
851 1464 984 1513 aptis,
1016 1463 1282 1502 ostenditur.

1054 1731 1167 1782 558

711 1872 1031 1923 PETRUS
1088 1872 1188 1923 DE
1241 1872 1514 1923 SYLVA

745 2009 993 2035 CONIMBRICA
1021 1999 1037 2034 1
1065 2008 1313 2035 SEPTEMBRIS
1341 1998 1429 2034 1561
1456 1998 1480 2035 2.

299 2124 336 2159 1.
367 2119 598 2159 Sociorum
627 2119 846 2158 valetudo.
878 2119 1119 2158 Numerus.
1151 2119 1340 2158 Antonii
1367 2119 1547 2158 Valente
1576 2131 1711 2158 mors.
1742 2140 1794 2146 —
1826 2122 1918 2158 2-3.

405 2182 490 2223 Ρ.ἱὸ
530 2184 680 2223 Nadal
710 2184 940 2222 adventus.
971 2184 1081 2222 Acta
1112 2184 1162 2222 ab
1202 2196 1248 2222 eo
1272 2196 1356 2233 per
1385 2184 1497 2222 duos
1525 2184 1701 2223 circiter
1729 2196 1915 2223 menses.

405 2271 455 2277 —
483 2253 527 2288 4.
555 2249 681 2288 Iubet
723 2249 841 2288 inter
871 2249 965 2287 alia
1010 2250 1060 2288 ut
1104 2250 1296 2299 tempore
1339 2249 1626 2288 vacationum
1671 2249 1919 2288 humiliora

406 2326 539 2364 opera
567 2314 691 2363 fiant.
727 2313 908 2352 Ordinis
937 2314 1170 2353 exsecutio.
1202 2335 1249 2339 —
1281 2317 1322 2352 5.
1351 2314 1517 2352 Recens
1546 2313 1737 2352 admissi
1763 2314 1814 2351 in
1843 2312 1920 2352 So-

406 2378 619 2417 cietatem.
662 2399 712 2404 -
755 2381 796 2416 6.
826 2378 984 2416 Patris
1027 2377 1176 2416 Nadal
1218 2377 1449 2416 industria
1490 2389 1657 2416 novum
1706 2377 1918 2427 templum

405 2443 673 2488 exstruitur,
718 2443 757 2480 et
800 2442 939 2489 aedes,
984 2443 1143 2492 regina
1185 2442 1440 2490 adiuvante,
1477 2442 1824 2492 amplificantur.
1867 2463 1918 2468 —

362 2602 372 2619 ¹
395 2600 525 2632 Exstat
547 2598 741 2641 originalis
775 2598 814 2630 in
848 2598 925 2630 cod.
950 2597 1063 2639 Hisp.
1087 2598 1148 2637 98,
1173 2597 1196 2631 f.
1221 2599 1303 2638 304;
1335 2599 1440 2640 prius
1462 2598 1534 2631 294.
1559 2598 1690 2632 Visum
1713 2599 1769 2630 est
1802 2597 1918 2630 solam

300 2662 480 2686 summam
503 2652 600 2685 dare.
624 2651 717 2684 Vide
740 2661 774 2693 p.
798 2652 859 2683 318
881 2652 1007 2683 annot.
1033 2652 1062 2683 2.

359 2708 372 2725 ⁹
395 2706 448 2738 Ex
470 2705 604 2747 origin.
639 2704 800 2746 (duabus
823 2704 888 2736 aut
921 2704 1042 2736 trihus
1065 2704 1238 2736 manibus
1272 2704 1426 2746 scripto)
1450 2705 1489 2736 in
1512 2704 1590 2737 cod.
1617 2704 1715 2737 Lus.
1740 2704 1799 2741 51,
1824 2704 1844 2736 3
1865 2703 1916 2743 ff.‚

299 2768 362 2792 nn.
388 2760 458 2798 103,
484 2759 554 2798 104,
580 2759 660 2797 105;
685 2757 790 2799 prius
812 2757 864 2795 60,
882 2757 933 2796 61,
950 2757 1001 2789 62.
1027 2757 1184 2789 Exstant
1207 2757 1280 2790 duo
1303 2757 1470 2799 exempla
1492 2757 1610 2789 latina
1633 2766 1655 2789 a
1677 2757 1715 2790 P.
1740 2756 1918 2789 Michaele

298 2811 467 2853 Venegas
502 2811 723 2852 subscripta,
749 2810 788 2842 in
820 2809 856 2842 ff.
882 2810 941 2842 192
964 2819 1043 2851 sqq.
1068 2810 1109 2841 In
1143 2810 1308 2851 exemplo
1342 2809 1501 2852 hispano
1524 2810 1676 2851 ponitur
1709 2810 1797 2842 data
1819 2818 1918 2842 anno

300 2865 401 2905 1560;
426 2864 490 2897 sed
506 2874 551 2897 ex
573 2864 633 2896 his
655 2872 751 2906 quae
766 2863 966 2895 narrantur
987 2862 1031 2895 de
1048 2862 1167 2895 Patris
1184 2863 1300 2896 Nadal
1315 2863 1544 2903 visitatione,
1562 2864 1708 2896 constat
1724 2862 1918 2904 irrepsisse

299 2926 457 2950 errorem
480 2926 545 2958 pro
570 2917 660 2949 1561.
695 2915 864 2949 Ceterum
887 2924 986 2948 error
1016 2915 1089 2947 iam
1112 2916 1330 2948 emendatus
1353 2917 1410 2949 est
1433 2916 1472 2948 in
1496 2916 1578 2957 ipsa
1600 2915 1856 2957 inscriptione,
1881 2915 1918 2947 et

299 2971 340 3003 in
363 2970 540 3012 exemplis
563 2970 704 3003 latinis.
728 2969 809 3002 Non
825 2977 942 3010 pauca
957 2968 1069 3001 verba
1091 2978 1189 3001 more
1212 2969 1295 3010 plus
1318 2970 1442 3002 minus
1464 2969 1630 3001 lusitano
1654 2969 1794 3010 scripta
1815 2968 1916 3000 sunt.

299 3022 351 3055 Ex
374 3023 539 3064 exemplo
560 3023 678 3055 latino
701 3022 818 3054 multa
839 3021 913 3054 iam
936 3021 1036 3054 edita
1059 3022 1147 3053 sunt
1171 3021 1210 3053 in
1232 3021 1355 3063 Epist.
1379 3021 1423 3054 P.
1447 3021 1595 3058 Nadal,
1620 3020 1647 3061 Ι,
1681 3021 1832 3053 803-807.
