2028 3531
514 268 593 304 491.
621 288 663 293 -
692 267 934 304 VINDOBONA
964 269 1008 304 14
1034 268 1264 305 FEBRUARH
1293 270 1377 305 1561
1650 273 1707 307 101

892 519 994 566 491

625 670 679 720 Ρ.
720 670 1045 720 CAROLUS
1084 671 1257 720 GRIM

574 818 808 844 VINDOBONA
840 809 881 844 14
920 818 1142 844 FEBRUARH
1186 809 1270 844 1561
1302 810 1324 844 ¹.

123 954 160 989 1.
192 950 427 991 Sociorum
457 952 678 991 valetudo.
712 953 1003 991 Mutatioues.
1036 953 1089 992 P.
1121 954 1243 992 Auei·
1276 953 1594 992 Commendomss
1627 954 1762 1003 legati

229 1018 391 1056 socius.
425 1017 684 1056 Sacerdotes
715 1018 1079 1068 occupationibus
1109 1019 1380 1058 obruuntur.
1410 1019 1575 1057 Plures
1597 1019 1761 1057 deside-

229 1084 409 1121 rantur.
442 1104 492 1109 —
523 1086 564 1121 2.
596 1082 859 1122 Scholastici
888 1085 936 1122 in
969 1084 1133 1123 litteris
1153 1085 1193 1122 et
1215 1084 1415 1123 moribus
1430 1085 1688 1134 proficiunt.
1711 1107 1761 1110 —

230 1152 271 1186 3.
307 1148 482 1187 Civium
513 1149 570 1187 acl
599 1150 885 1188 sacramenta
917 1162 1163 1188 concursus
1194 1151 1239 1188 in
1273 1150 1367 1188 (lies
1413 1150 1618 1200 augetur.
1657 1149 1761 1188 Gre-

226 1215 386 1264 gorius
414 1215 664 1263 Rosseffius
692 1227 772 1264 pro
804 1215 856 1252 P.
890 1216 1013 1253 Auer
1042 1217 1349 1255 concionatur.
1381 1216 1609 1254 Loborum
1643 1217 1760 1264 fruc·

230 1280 315 1318 tus.
348 1302 397 1305 —
430 1283 474 1318 4.
504 1280 766 1329 Difficultas
810 1281 1071 1319 inveniendi
1115 1281 1297 1319 domum
1341 1282 1526 1331 collegio
1566 1293 1677 1319 uoco
1722 1281 1761 1319 et

226 1347 462 1385 convictui.
496 1347 747 1385 Domestica
778 1347 1012 1396 quaedam.
1046 1369 1096 1372 ——
1127 1351 1168 1385 5.
1204 1346 1328 1385 Cives
1360 1349 1622 1386 viennenses
1653 1359 1759 1396 erga

227 1413 369 1450 socios
399 1412 562 1450 melius
594 1413 749 1460 affecti.
780 1412 936 1450 Pauca
967 1413 1017 1451 (Ie
1051 1413 1289 1462 ‘religionis
1310 1413 1430 1451 statu
1476 1412 1759 1451 Vinclobouoe

226 1477 267 1514 et
296 1478 342 1515 in
375 1477 794 1516 circumiacentibus
825 1478 1012 1527 oppidis.

203 1619 235 1658 1.
270 1618 358 1658 1115.
381 1617 534 1658 Gratia
565 1620 605 1658 et
636 1630 722 1669 pax
753 1617 918 1658 Christi
949 1620 1115 1670 repleat
1137 1620 1268 1659 corda
1291 1622 1457 1659 nostra.
1482 1619 1607 1669 Quod
1642 1620 1757 1659 ultra

120 1685 295 1734 tenipus
325 1683 578 1723 iniunctum
610 1683 719 1723 1111111
749 1684 973 1724 scribendi
1017 1685 1204 1724 offitium
1245 1685 1577 1727 intermiserim,
1621 1697 1754 1724 eausa

119 1748 205 1788 fuit
234 1749 351 1800 quod
384 1749 469 1788 iam
503 1750 559 1788 ab
590 1749 742 1801 aliquo
772 1753 968 1801 tempore
1003 1751 1191 1790 aduersa
1223 1751 1482 1790 ualetudine
1523 1762 1632 1790 usus
1668 1750 1758 1790 sue-

119 1814 217 1860 rim.
250 1814 472 1866 affligente
502 1827 571 1854 me
602 1816 729 1866 graui
760 1816 890 1861 tussi,
923 1829 946 1855 a
977 1828 1066 1868 qua
1095 1816 1291 1867 quidem.
1325 1816 1406 1855 etsi
1439 1828 1527 1855 non
1564 1828 1616 1855 ex
1647 1819 1755 1859 1010,

119 1880 276 1919 maiori
308 1883 455 1920 tamen
486 1892 538 1920 ex
570 1883 691 1931 parte
722 1893 822 1921 sum
853 1882 1092 1921 liberatus:
1127 1882 1226 1921 laus
1247 1882 1353 1921 Deo.
1388 1882 1566 1932 Reliqui
1602 1894 1757 1921 omnes

119 1945 272 1984 Patres
301 1958 351 1984 ae
382 1945 539 1985 fratres
569 1958 807 1997 prosperae
837 1947 947 1986 satis
978 1950 1083 1986 sunt
1114 1947 1404 1987 ualetudinis.
1439 1947 1554 1997 Quid
1589 1948 1756 1986 interea

118 2011 332 2061 temporis
353 2012 399 2050 in
421 2012 609 2063 collegio
630 2014 804 2063 gestum
835 2013 907 2059 sit,
928 2013 1221 2064 perstringam
1248 2013 1454 2052 breuiter.
1480 2013 1577 2052 Non
1599 2013 1755 2052 ‹luhito

117 2076 234 2115 enim
266 2077 376 2127 quin
407 2077 557 2116 onmia
606 2078 736 2128 quasi
768 2078 857 2117 iam
887 2090 911 2117 a
951 2078 1002 2117 R.
1038 2078 1083 2118 P.
1116 2078 1300 2117 Rectore
1330 2078 1384 2117 ad
1416 2078 1467 2118 R.
1502 2079 1549 2118 P.
1583 2078 1632 2118 V.
1667 2079 1754 2117 sint

116 2142 374 2192 perscripta.
408 2143 473 2181 Ad
508 2143 769 2182 instantiam
813 2144 1009 2195 episcopi
1054 2156 1104 2183 ao
1148 2144 1281 2195 legati
1328 2144 1637 2187 Comendon'2.
1680 2156 1756 2183 311-

116 2209 280 2246 nuente
310 2207 443 2246 etiam
474 2220 587 2247 caes.
622 2209 676 2247 M.
702 2210 730 2255 3,
764 2209 814 2248 D.
848 2209 1112 2249 Lamhertus
1143 2212 1156 2232 ⁴
1177 2221 1278 2248 eum
1315 2209 1393 2248 illo
1432 2210 1487 2248 ad
1535 2209 1756 2260 principes

117 2271 380 2312 Germaniae
410 2274 634 2324 profectus
663 2277 743 2314 est.
776 2274 839 2314 Ne
869 2277 1017 2314 tamen
1053 2275 1219 2314 interea
1261 2278 1438 2314 uacaret
1468 2276 1598 2315 les-tio
1634 2276 1761 2314 theo-

116 2337 274 2388 logica.
306 2341 379 2378 aut
413 2340 469 2378 31)
498 2339 587 2378 3110
618 2343 920 2391 occuparetur,
954 2340 1003 2381 D.
1036 2340 1320 2380 Christianus
1341 2343 1354 2363 5
1378 2341 1493 2380 ultra
1524 2341 1756 2380 5113111100-

179 2537 187 2553 ¹
212 2535 265 2566 Ex
288 2536 433 2577 autogr.
460 2536 498 2567 in
523 2536 601 2568 eod.
632 2536 760 2569 Germ.
786 2536 870 2573 139,
896 2537 919 2569 f.
945 2538 1006 2573 60:
1034 2537 1138 2579 prius
1164 2538 1212 2569 15.
1240 2537 1408 2579 Epistula
1426 2547 1499 2569 non
1527 2538 1581 2568 est
1606 2537 1756 2578 quadri-

116 2588 276 2624 mestris,
302 2590 343 2620 ut
368 2589 447 2630 ipse
471 2590 602 2621 auctor
624 2590 722 2621 cirea
746 2589 855 2622 finem
879 2590 1018 2622 innuit.
1037 2590 1094 2622 Ita
1118 2590 1241 2632 potuit
1258 2591 1297 2622 in
1314 2600 1356 2622 ea
1379 2590 1563 2631 quaedam
1580 2590 1753 2626 scrihere,

115 2650 211 2683 quae
234 2642 273 2673 in
297 2642 435 2674 litteris
458 2643 798 2684 quadrimestribus
821 2644 1096 2676 omitterentur.
1122 2644 1192 2676 Sed
1216 2644 1393 2685 quoniam
1433 2644 1471 2675 in
1509 2652 1552 2675 ea
1575 2643 1755 2675 dicuntur

116 2695 233 2727 multa
257 2696 467 2728 litterarum
491 2697 823 2737 quadrimestrium
861 2698 1023 2739 propria,
1049 2699 1085 2730 et
1112 2698 1259 2730 litterae
1296 2697 1589 2739 quadrimestres
1627 2698 1755 2729 vindo-

115 2748 298 2781 bonenses
322 2750 438 2781 huius
462 2750 639 2791 temporis
663 2751 947 2785 desiderantur:
973 2760 1053 2783 eam
1078 2752 1116 2783 in
1141 2751 1259 2783 lucem
1283 2751 1390 2783 edere
1413 2750 1656 2782 decrevimus.

178 2804 189 2821 ²
212 2802 370 2835 Ioannes
408 2803 629 2835 Franciseus
667 2803 951 2843 Commendone‚
981 2804 1162 2846 Zacynthi
1200 2806 1410 2846 episcopus,
1449 2804 1496 2836 ad
1533 2804 1754 2837 Germaniae

114 2856 302 2897 principes
319 2865 341 2888 a
358 2855 508 2888 Summo
532 2856 709 2889 Pontifiee
733 2866 798 2898 pro
821 2857 932 2890 rebus
956 2858 1106 2890 concilii
1129 2858 1326 2890 tridentini
1344 2857 1576 2890 mittebatur.
1595 2857 1647 2890 Cf.
1667 2858 1756 2889 1315-

115 2917 207 2941 ToR:
237 2909 465 2942 Geschichte
489 2910 560 2942 der
581 2910 738 2952 Ps'ipste.
763 2911 842 2950 VII,
870 2912 930 2944 170
952 2921 1033 2953 sqq.

177 2964 190 2982 ³
211 2963 482 2996 Ferdinandus.

178 3018 188 3035 ⁴
212 3016 250 3049 P.
276 3016 494 3049 Lambertus
518 3016 629 3050 Auer.
653 3017 706 3050 Cf.
731 3017 877 3050 Laiiiii
899 3018 1074 3050 Monam.
1100 3018 1142 3057 V,
1167 3018 1296 3050 433-34.

176 3073 188 3089 ⁵
213 3070 250 3103 Ρ.
276 3070 517 3104 Christianus
540 3071 686 3104 Rivius.
712 3071 816 3104 Ibid.
840 3072 913 3104 4234.
