2028 3531
343 289 413 324 280
814 290 1017 327 Ll'r'rERAE
1051 291 1395 336 QUAanes‘rREs

298 407 336 446 is
365 419 487 447 sacer
506 407 639 447 ludus
667 408 721 447 ad
745 408 980 448 multorum
1013 409 1262 460 principum
1284 420 1413 448 aures
1441 420 1541 449 cum
1571 421 1734 461 magna
1761 416 1913 449 eorum‘

297 472 601 512 aedificatione
643 472 891 522 peruenerit
909 480 940 512 ἃ.
979 473 1100 513 Adeo
1144 475 1187 513 vt
1231 473 1381 523 regina
1424 473 1661 513 Bohemiae
1705 473 1842 513 Maria
1879 476 1908 523 ¹,

296 547 396 575 eum
427 535 444 562 ὓ
479 536 623 586 ipsum
653 536 806 576 edocta
848 548 988 588 nuper
1029 537 1075 577 in
1118 550 1199 577 sua
1227 549 1403 588 quoque
1431 537 1534 577 aula
1573 537 1642 588 pie
1673 538 1909 589 vsurparit.

297 600 416 640 Lusu
447 601 524 640 illo
553 601 773 649 absoluto,
798 602 990 652 vesperis
1019 605 1060 642 et
1089 602 1294 642 laetaniis
1327 613 1481 642 omnes
1508 602 1579 653 pie
1600 602 1917 642 interfuerunt.-

374 666 412 704 3.
445 665 528 705 Sed
558 668 604 705 vt
646 666 699 705 ad
730 678 812 705 nos
855 667 1042 715 redeam,
1075 668 1305 708 duodecim
1350 670 1520 718 praeter
1556 678 1731 707 omnem
1775 666 1910 706 huius

295 730 467 780 collegii
501 742 665 769 morem
708 730 804 771 sine
833 743 935 783 pera
972 735 1013 772 et
1047 733 1236 782 sacculo,
1268 732 1356 771 imo
1398 732 1531 771 etiam
1560 732 1728 783 absque
1758 731 1908 779 vlliuS,

297 796 466 845 praeter
494 807 627 845 quam
657 795 855 835 Rectoris
897 797 1036 837 nostri
1067 797 1222 844 literis,
1254 797 1309 835 ad
1338 799 1529 848 quatuor
1568 797 1769 836 diuersas
1800 796 1914 836 Aus-

297 859 405 898 triae
447 859 583 899 huius
626 860 881 911 prouinciae
924 865 1068 913 partes
1110 861 1302 913 ablegati
1344 864 1463 909 sunt,
1496 864 1542 901 vt
1583 861 1764 912 aliquod
1807 872 1914 901 suae

296 924 583 975 paupertatis,
606 928 683 965 aut
714 927 859 977 potius
888 927 1065 978 pietatis
1085 927 1306 978 specimen
1335 927 1554 966 aederent.
1587 926 1718 966 Terni
1749 927 1911 972 autem,

296 1000 383 1028 vno
411 1000 583 1040 semper
612 990 726 1030 inter
753 1003 828 1031 eos
857 992 1165 1031 concionatore
1193 991 1439 1042 designato,
1471 1002 1625 1031 omnes
1655 991 1915 1030 emitteban-

296 1056 390 1102 tur;
435 1054 509 1105 alij
557 1054 832 1106 Hungariam
862 1068 1038 1103 versus3
1084 1056 1157 1107 alij
1191 1056 1245 1095 ad
1288 1056 1400 1095 alias
1431 1055 1637 1095 Austriae
1666 1056 1809 1094 Vrbes.
1842 1053 1915 1094 Se-

295 1119 469 1159 cundus
507 1131 617 1159 sane
660 1120 767 1171 (Deo
796 1121 939 1160 honor
966 1124 1076 1169 esto)
1120 1121 1256 1160 huius
1299 1120 1669 1172 peregrinationis
1704 1120 1788 1160 fuit
1817 1131 1913 1160 suc-

295 1195 468 1231 cessus3
501 1195 604 1223 nam
633 1184 716 1224 etsi
745 1184 953 1225 haeretici
983 1197 1112 1236 saepe
1141 1185 1432 1236 blasphemijs
1460 1197 1550 1232 eos,
1573 1187 1650 1225 aut
1684 1196 1730 1224 se
1765 1184 1913 1235 potius

296 1249 546 1299 fatigarent,
591 1260 799 1301 persaepe
839 1262 1048 1298 carceres,
1080 1262 1210 1301 saepe
1251 1250 1316 1290 eis
1359 1252 1540 1290 mortem
1585 1252 1717 1301 atque
1751 1249 1840 1288 alia
1869 1248 1913 1287 id

295 1325 435 1364 genus
478 1313 775 1361 minarentur;
808 1327 858 1355 eo
901 1317 1047 1355 tamen
1077 1315 1226 1354 animo
1256 1315 1449 1362 fuerunt,
1481 1317 1526 1354 vt
1563 1326 1793 1366 nunquam
1824 1313 1912 1352 fere

294 1378 347 1418 de
377 1378 519 1418 salute
548 1379 796 1419 animarum
824 1381 933 1420 bene
954 1380 1137 1420 moereri
1158 1380 1420 1420 destiterint.
1446 1381 1622 1420 Praeter
1641 1391 1774 1431 quam
1795 1378 1914 1430 quod

294 1443 530 1483 conciones
572 1444 821 1495 frequentes
858 1445 1125 1492 habuerunt,
1169 1446 1498 1496 congregabant
1543 1452 1558 1469 ⁰
1590 1456 1913 1496 nonnunquam

295 1507 341 1546 in
371 1507 530 1558 plateis
559 1520 741 1559 pueros3
773 1520 885 1560 quos
914 1509 1129 1549 docebant
1157 1509 1335 1560 signum
1365 1512 1542 1549 sanctae
1571 1509 1714 1549 crucis
1743 1508 1928 1554 aedere„

294 1572 545 1623 symbolum
566 1573 867 1623 apostolorum
897 1575 1028 1625 atque
1048 1574 1291 1614 orationem
1308 1574 1586 1614 Dominicam
1607 1573 1677 1625 pie
1697 1573 1753 1612 ad
1773 1573 1914 1612 Deum

295 1638 492 1685 fundere,
516 1650 566 1678 ac
595 1641 818 1689 praeterea
836 1639 1083 1679 clausulam
1114 1640 1235 1679 illam
1270 1655 1290 1674 «
1311 1639 1471 1679 Sancta
1501 1639 1637 1679 Maria
1666 1640 1805 1678 mater
1834 1637 1915 1677 Dei

293 1714 370 1742 ora
392 1715 469 1754 pro
490 1703 620 1743 nobis
640 1704 943 1755 peccatoribus
963 1702 980 1727 ‘¹
1003 1721 1040 1752 »,
1073 1717 1098 1744 a
1126 1717 1213 1756 qua
1234 1704 1442 1744 haeretici
1462 1716 1616 1744 omnes
1649 1703 1912 1747 abhorrent:

295 1767 536 1808 visitabant
564 1769 716 1808 crebro
745 1769 874 1809 aedes
902 1772 1196 1821 aegrotorum,
1221 1770 1267 1809 in
1296 1769 1614 1820 componendis
1643 1768 1843 1808 dissidiis
1871 1769 1913 1807 et

293 1833 586 1872 conciliandis
628 1833 790 1873 animis
820 1834 1119 1886 proximorum
1164 1835 1289 1874 valde
1332 1835 1608 1874 laborabant.
1656 1833 1779 1873 Vnde
1813 1844 1913 1873 cum

293 1897 523 1937 audissent
565 1898 678 1938 inter
709 1905 723 1921 '²
770 1899 1008 1950 parochum
1053 1900 1274 1950 quendam
1311 1901 1354 1939 et
1396 1899 1593 1939 eiusdem
1622 1898 1819 1939 ciuitatis
1848 1897 1914 1937 iu-

293 1962 432 2002 dicem
463 1974 622 2013 graues
650 1963 916 2003 intercedere
945 1964 1209 2012 simultates,
1240 1966 1282 2004 et
1323 1965 1510 2004 alterum
1541 1964 1587 2003 in
1621 1963 1805 2003 alterius
1838 1963 1913 2003 de-

294 2027 524 2067 formanda
571 2028 892 2080 spoliandaque
934 2029 1049 2069 vitae
1096 2041 1145 2069 ac
1192 2029 1423 2081 dignitatis
1469 2041 1619 2077 causa,
1665 2028 1780 2068 nihil
1823 2039 1913 2068 non

293 2092 456 2139 facere;
501 2095 679 2144 repente
721 2094 860 2133 nostri
903 2094 1058 2134 domos
1099 2094 1278 2134 illorum
1320 2095 1539 2140 adierunt,
1580 2094 1779 2145 illudque
1808 2094 1914 2133 sunt

292 2157 521 2208 assequuti
551 2160 596 2197 vt
638 2158 896 2198 inimicitias
938 2159 1148 2210 capitales
1191 2160 1408 2207 tollerent,
1440 2171 1552 2211 quas
1594 2170 1822 2210 nunquam
1866 2170 1913 2197 se

293 2221 374 2268 illi,
407 2222 494 2261 nisi
536 2234 633 2263 cum
679 2223 935 2263 alterutrius
976 2225 1277 2275 oppressione,
1313 2225 1593 2276 deposituros
1638 2224 1909 2264 iurauerant.

292 2285 460 2326 Obuios
488 2287 576 2327 fere
605 2300 804 2339 quosque
833 2289 888 2328 ad
921 2289 1222 2329 confessiones
1250 2291 1291 2329 et
1320 2289 1546 2338 meliorem
1569 2289 1750 2338 viuendi
1781 2288 1911 2328 ratio-

292 2362 389 2390 nem
421 2352 792 2401 exhortabantur;
825 2353 1016 2402 iurandi,
1040 2353 1261 2405 iurgandi,
1286 2346 1483 2405 potandi,
1511 2354 1739 2405 Deumque
1768 2353 1812 2393 id
1841 2364 1913 2404 ge-

291 2427 378 2455 nus
407 2416 529 2456 vitiis
557 2417 825 2466 offendendi,
847 2430 991 2458 mores
1010 2419 1370 2469 corruptissimos
1390 2419 1552 2470 vbique
1582 2430 1660 2469 pro
1689 2430 1771 2458 sua
1793 2417 1911 2457 virili

291 2480 467 2520 abolere
508 2482 845 2522 contendebant.
879 2482 994 2522 Illud
1026 2482 1155 2533 volgo
1186 2482 1199 2508 f
1223 2483 1424 2523 mirabile
1465 2483 1609 2523 visum
1653 2484 1734 2529 est,
1766 2484 1912 2533 spreta

291 2545 413 2584 omni
455 2546 662 2597 stipendij
695 2548 737 2586 et
766 2547 909 2586 victus
951 2547 1099 2586 oblata
1142 2559 1233 2598 spe,
1276 2548 1402 2587 nulla
1446 2548 1621 2599 pietatis
1655 2547 1801 2587 officia
1836 2558 1913 2598 per

291 2613 467 2650 nostros
488 2611 669 2662 negligi,
692 2611 780 2651 imo
809 2623 884 2651 eos
904 2613 951 2651 vt
971 2611 1017 2651 in
1038 2612 1258 2652 mandatis
1278 2613 1457 2652 dederat
1477 2613 1649 2661 Rector,
1672 2614 1910 2663 antequam

291 2675 542 2725 spiritualia
584 2676 867 2725 seminarent,
899 2676 1094 2716 ostiatim
1138 2677 1409 2725 mendicare;
1447 2678 1565 2729 quod
1595 2689 1763 2717 nouum
1793 2689 1911 2728 pere-

352 2847 371 2866 a
401 2840 564 2880 peruerit
587 2840 633 2873 A.
658 2859 697 2863 —
720 2841 738 2867 b
758 2849 840 2873 eum
864 2849 991 2882 supra
1006 2849 1107 2873 vers.
1127 2841 1165 2872 in
1181 2840 1241 2879 A„
1259 2841 1390 2874 deleto.
1415 2841 1547 2883 proffl).
1573 2860 1611 2865 -
1635 2850 1650 2868 c
1684 2841 1911 2882 congrebant

292 2892 337 2925 A.
362 2911 402 2914 —
424 2893 443 2919 d
524 2902 588 2925 ora
610 2903 675 2935 pro
698 2894 805 2926 nobis
835 2895 904 2926 etc.
928 2893 974 2926 A.
1001 2912 1038 2916 ——
1061 2902 1077 2919 θ
1118 2894 1215 2926 inter
1237 2903 1363 2935 supra
1385 2903 1487 2927 vers.
1510 2894 1557 2927 A.
1581 2914 1620 2917 —
1644 2895 1657 2921 f
1689 2894 1801 2937 vulgo
1824 2894 1866 2926 B.

353 3066 362 3083 ¹
386 3064 644 3097 Maximilliani
668 3074 772 3098 uxor.
