2028 3531
584 286 666 322 529.
694 304 737 310 —
764 286 951 322 ΒοΝοΝιΑ
982 286 1026 321 16
1051 285 1152 322 ΜΑιΙ
1183 287 1269 322 1561
1631 288 1701 324 325

110 407 268 457 questo
297 405 436 445 saccio
466 406 567 453 fine,
601 405 826 457 pregando
871 407 1022 444 nostra
1065 405 1116 444 R.
1151 405 1236 444 ΡΝ
1267 405 1323 445 ad
1354 405 1494 445 hauer
1538 418 1616 457 per
1655 419 1747 446 rac-

109 470 417 510 commandate
447 470 487 510 le
516 482 617 510 cose
662 472 811 510 nostre
854 470 970 509 nelle
1013 482 1093 510 sue
1136 470 1344 510 orationi.
1378 493 1428 498 ——
1458 470 1524 510 Da
1554 471 1747 511 Messina

110 535 188 575 alli
220 536 269 575 15
298 535 343 575 di
375 536 490 575 Maio
522 536 641 576 1561.

217 600 268 640 D.
301 600 352 640 V.
385 601 437 640 R.
472 600 557 640 ΡΝ
588 601 711 652 figlio
740 603 782 640 et
811 612 942 640 seruo
972 601 1182 652 indegno.

1132 726 1394 766 FRANCESCO
1425 726 1629 766 STEFANO
1662 729 1690 767 ¹.

188 851 446 901 Inscriptio.
478 850 671 890 Messina
716 850 834 898 1561,
868 850 917 889 15
960 850 1080 901 Maij.
1114 851 1197 890 Per
1239 851 1283 890 la
1322 851 1559 891 Provincia
1589 851 1633 891 di
1665 851 1750 891 To-

109 926 259 955 scana.

871 1128 984 1178 529

477 1282 870 1332 LUDOVICUS
926 1282 1375 1333 GAGLIARDUS

651 1432 831 1457 BONONIA
862 1422 904 1457 16
930 1432 1006 1458 MAI
1034 1422 1124 1457 1561
1151 1422 1176 1458 ².

104 1558 142 1594 1.
171 1555 406 1605 Epistulae
434 1555 568 1593 ratio.
615 1554 754 1593 Aedes
783 1555 897 1593 satis
926 1555 1182 1594 commodae
1206 1555 1437 1605 paulatim
1474 1555 1744 1604 aedificatae,

213 1620 534 1659 adiuvantibus
577 1621 918 1670 archiepiscopo,
951 1621 1141 1668 civitate,
1175 1621 1369 1670 aliisque
1407 1621 1621 1671 privatis.
1656 1621 1745 1660 No-

212 1686 315 1725 bilis
345 1687 566 1725 matronce
596 1686 891 1735 beneficentia.
913 1687 1064 1725 Etiam
1096 1689 1144 1725 in
1175 1699 1383 1726 annonae
1404 1687 1592 1726 caritate
1613 1688 1748 1726 sociis

210 1753 467 1791 necessaria
496 1753 754 1802 suppetunt.
788 1752 1004 1791 Aeolicula
1035 1751 1152 1792 Stae.
1177 1753 1431 1802 Reparatae
1461 1753 1499 1791 et
1532 1753 1746 1803 templum

212 1816 329 1856 Stae.
359 1818 527 1856 Luciae
566 1817 749 1867 collegio
780 1817 1025 1856 donantur.
1058 1818 1357 1867 Perfectionis
1395 1817 1601 1856 studium
1631 1819 1748 1868 viget

211 1883 330 1921 inter
359 1883 515 1931 socios,
547 1883 586 1920 et
615 1883 792 1931 fovetur
820 1883 980 1921 Patris
1003 1883 1309 1932 provincialis
1339 1883 1742 1922 exhortationibus.

210 1947 337 1986 Idem
366 1947 419 1986 P.
455 1948 761 1986 Prooincialis
805 1949 871 1986 ter
900 1949 949 1986 in
980 1949 1140 1998 templo
1172 1961 1273 1987 cum
1310 1948 1574 1987 auditorum
1605 1949 1746 1988 admi—

210 2013 387 2052 ratione
417 2014 720 2052 contionatur.
744 2035 795 2039 ——
817 2017 858 2052 2.
890 2013 1154 2053 Scliolastici
1184 2026 1275 2052 non
1306 2014 1453 2062 multi,
1475 2014 1552 2053 sed
1579 2015 1742 2053 selecti.

209 2079 381 2118 Eorum
409 2091 679 2129 progressus
708 2080 757 2117 in
789 2079 967 2118 litteris.
990 2079 1203 2118 Publicae
1233 2080 1586 2119 exercitationes.
1618 2079 1746 2118 Scho—

212 2144 364 2182 larum
393 2145 669 2182 existimatio
701 2144 822 2194 apud
842 2146 971 2183 cives.
996 2144 1376 2184 Scholasticorum
1405 2157 1675 2195 progressus
1695 2147 1745 2184 in

211 2208 336 2247 bonis
366 2209 581 2248 moribus.
627 2209 785 2258 Aliqui
827 2222 933 2248 suos
964 2210 1021 2248 ad
1061 2211 1272 2260 pietatem
1315 2212 1460 2249 variis
1499 2211 1745 2249 industriis

211 2275 390 2313 allicere
410 2275 647 2313 conantur.
690 2275 813 2314 Unus
834 2274 1096 2314 Societatem
1116 2276 1389 2325 ingreditur.
1410 2298 1457 2302 ——
1482 2279 1523 2314 3.
1545 2276 1744 2315 Fructus

209 2351 262 2378 ex
292 2340 563 2378 ministeriis
592 2352 700 2390 erya
716 2342 964 2390 proximos.
997 2341 1226 2380 Numerus
1258 2341 1559 2380 accedentium
1589 2341 1647 2380 ad
1676 2353 1744 2379 sa·

210 2406 456 2444 eramenta.
488 2405 710 2454 Effrenati
733 2407 981 2455 peccatoris
1009 2407 1217 2446 mutatio.
1253 2429 1302 2433 —
1331 2411 1375 2446 4.
1402 2406 1657 2446 Concursus
1688 2408 1745 2446 ad

209 2461 436 2510 contiones
466 2472 639 2510 auctus.
672 2471 1020 2510 Exhortationes
1048 2473 1266 2522 privatim
1297 2473 1485 2511 habitae.
1510 2495 1558 2499 —
1580 2477 1622 2511 5.
1653 2474 1744 2511 Au-

208 2537 376 2575 xilium
405 2537 713 2586 indigentibus
733 2537 773 2575 et
793 2539 1027 2587 virginum
1057 2538 1277 2577 coenobiis
1303 2538 1533 2577 collatum.
1566 2539 1744 2578 Archis-

208 2603 416 2651 piscopus
447 2602 623 2640 auxilio
654 2603 813 2641 Patris
854 2603 1057 2641 Rectoris
1087 2605 1135 2642 in
1166 2603 1376 2642 dioecesis
1415 2604 1674 2642 visitatione
1703 2604 1743 2642 et

210 2668 258 2705 in
301 2667 558 2705 candidatis
601 2667 659 2705 ad
687 2679 841 2706 sacros
871 2668 1051 2707 ordines
1094 2669 1414 2707 examinandis
1453 2669 1615 2707 utitur.
1647 2669 1744 2708 Alii

210 2732 360 2770 clerici
403 2733 609 2771 consiliis
652 2733 850 2771 eiusdem
881 2733 1038 2772 Patris
1077 2735 1380 2784 acquiescunt.
1411 2757 1461 2760 —
1492 2738 1533 2773 6.
1568 2733 1743 2773 Curant

208 2799 319 2836 socii
347 2798 398 2836 ut
427 2797 545 2836 Stae.
576 2799 815 2848 Reparatce
843 2800 1008 2848 festum
1037 2799 1270 2839 honestius
1299 2800 1552 2839 celebretur.

164 2975 176 2993 ¹
198 2973 291 3007 Vide
313 2974 409 3007 Litt.
438 2973 647 3015 Quadrim.
672 2975 715 3015 V,
740 2975 814 3008 375.

163 3028 178 3047 a
198 3027 252 3060 Ex
274 3028 409 3069 origin.
433 3028 474 3060 in
507 3029 587 3061 cod.
617 3028 747 3061 Venet.
771 3028 854 3066 100,
881 3029 918 3062 ff.
942 3030 1060 3069 64-66;
1086 3030 1192 3071 prius
1226 3030 1374 3062 199-901.
1410 3029 1602 3062 Praecedit
1635 3029 1739 3062 aliud

102 3081 311 3122 exemplum
334 3081 374 3113 in
396 3081 432 3114 ff.
457 3081 565 3115 6263.
1650 3118 1672 3148 .
