2028 3531
320 262 393 298 0270
798 261 1002 297 er'rERAE
1036 260 1381 305 anmmmswnms

274 381 410 420 darne
440 381 481 420 la
510 380 649 431 colpa,
680 381 802 430 parte
831 379 873 418 al
902 378 1014 426 loeo,
1045 378 1125 418 che
1155 390 1244 418 non
1273 378 1296 417 6
1327 377 1463 416 molto
1492 377 1673 427 grande,
1703 378 1746 416 et
1774 378 1897 427 parte

274 445 668 485 all’insufficienza
714 446 756 483 et
815 443 1046 482 debolezza
1092 442 1163 482 d'i
1212 441 1419 483 ministri.
1463 441 1513 480 Et
1556 441 1759 481 30010006
1802 453 1899 492 rap-

277 510 492 561 portiamo
522 521 598 560 per
627 508 874 548 l’auuenire
904 507 1103 559 maggior
1132 509 1267 548 frutto
1300 507 1413 547 delle
1451 506 1612 546 fatiche
1651 507 1813 553 nostre,
1857 505 1897 545 ci

274 586 384 614 sono
414 573 659 614 necessarie
689 574 728 612 16
762 584 840 612 sue
877 572 934 612 da
967 572 1042 612 noi
1089 571 1464 612 desideratissime
1510 570 1716 617 orationi,
1764 573 1806 610 et
1852 570 1897 610 di

274 639 376 678 tutti
407 639 420 678 i
470 639 598 678 Padri
634 640 676 677 et
724 637 900 685 fratelli,
950 637 1019 677 del
1061 638 1141 677 che
1171 638 1213 677 la
1261 636 1517 688 preghiamo
1564 637 1895 683 sommamente‚

274 704 497 754 pregando
518 703 694 743 Christo
714 702 796 742 SJO
826 704 991 750 nostro,
1015 704 1186 742 auttore
1215 702 1259 741 di
1291 701 1392 741 tutti
1423 701 1436 740 i
1467 700 1584 748 beni,
1606 701 1687 741 che
1706 700 1744 739 si
1765 700 1897 751 degni

274 768 554 818 longamente
601 778 865 807 conseruare
907 766 953 806 V.
988 767 1034 807 P.
1083 779 1190 806 sana
1220 768 1263 805 et
1310 766 1356 805 in
1385 768 1500 805 stato
1529 766 1609 805 0116
1656 776 1788 816 possa
1833 776 1899 804 se-

273 833 415 872 condo
446 833 476 872 il
506 833 652 872 volere
673 832 717 871 di
747 843 829 871 sua
858 832 1023 871 Maesta
1057 842 1301 883 gouernare
1330 832 1486 882 questa
1506 842 1588 870 sua
1608 829 1894 881 Compagnia.

274 897 368 937 Stia
397 909 521 938 sana.
552 897 607 936 Al
638 896 780 947 primo
810 896 855 935 di
885 896 1059 948 Maggio
1082 897 1196 935 1561.
1234 896 1299 934 Da
1328 895 1699 946 Montepulciano.

382 963 465 1002 Per
495 961 652 1001 ordine
682 961 753 1001 del
783 961 833 1002 R.
864 961 912 1001 P.
945 964 1104 1001 rettore
1125 963 1154 1009 1,
1187 960 1372 999 minimo
1401 961 1443 999 et
1477 959 1670 1011 indegno
1699 959 1744 999 in
1765 958 1897 999 Chro.

275 1027 489 1078 figliuolo.

1263 1090 1362 1130 Glo.
1396 1090 1530 1129 ΒΑΤΤ.
1562 1089 1729 1129 VITALE
1757 1090 1788 1129 2.

1036 1347 1135 1396 515

696 1500 748 1549 Ρ.
814 1499 1106 1549 ΤΗΟΜΑΞ
1171 1498 1473 1548 RAGGIUS

863 1647 967 1673 NOLA
998 1637 1013 1672 1
1043 1648 1133 1673 MAII
1168 1636 1255 1672 1561
1283 1637 1308 1672 3.

270 1773 308 1807 1.
340 1768 572 1808 Sociorum
602 1781 833 1807 uumerus.
871 1768 1099 1807 Cauditati
1131 1769 1246 1806 laus.
1283 1767 1502 1806 Cousueta
1531 1780 1638 1818 erya
1664 1769 1897 1818 proximos

378 1835 636 1872 ministeria
665 1834 939 1873 exercentur.
956 1833 1025 1871 Ad
1054 1835 1267 1871 viciniam
1289 1834 1563 1872 excurritur.
1590 1833 1779 1880 Quidam
1802 1833 1898 1872 ludi

378 1899 594 1948 ‘magister
640 1899 904 1938 nostrarum
951 1899 1208 1937 scholarum
1267 1899 1380 1948 leges
1426 1899 1604 1936 imitari
1658 1898 1893 1937 contendit.

382 1964 548 2013 Templi
579 1965 768 2002 ornatus
798 1965 846 2001 in
875 1963 1146 2002 hebdomada
1174 1964 1344 2001 saucta.
1395 1963 1593 2002 Curatur
1637 1964 1688 2001 ut
1716 1964 1897 2001 iuvenes

377 2029 581 2067 ecclesiae
605 2030 810 2067 ministri
840 2029 896 2067 ad
925 2029 1209 2067 sacramenta
1237 2029 1492 2078 frequenter
1512 2029 1734 2067 accedant.
1757 2029 1897 2067 Paces

378 2094 608 2132 ineuntur.
654 2094 896 2143 Religiosis
925 2094 1106 2142 feminis
1153 2093 1450 2131 succurritur.
1483 2093 1732 2142 Impatiens
1778 2093 1897 2131 scho-

379 2159 564 2197 lasticus
588 2171 671 2208 per
699 2159 890 2197 iudicem
913 2158 1123 2208 punitur.
1156 2180 1205 2184 —
1236 2161 1277 2196 2.
1307 2158 1482 2196 Altaris
1512 2158 1777 2196 ornamenta
1810 2158 1896 2196 col-

378 2224 488 2273 legio
520 2224 763 2262 donantur.
812 2223 985 2262 Hortus
1029 2222 1262 2261 arboribus
1301 2224 1566 2261 conseritur.
1616 2223 1895 2272 Impluvium

376 2289 580 2326 ornatur.
613 2287 809 2330 Societas
840 2287 958 2337 apud
988 2289 1101 2325 cives
1131 2289 1179 2325 in
1208 2287 1374 2326 honore
1402 2287 1600 2325 habetur.

351 2422 386 2460 1.
420 2421 554 2460 Molto
576 2420 730 2461 Reu.d0
748 2421 842 2460 Pre.
868 2421 959 2460 Pax
981 2420 1081 2471 Xpi.
1106 2423 1186 2460 610.
1211 2420 1374 2470 Questa
1396 2421 1495 2460 sara
1516 2433 1593 2471 per
1613 2420 1895 2472 ragguaglia-

271 2498 315 2525 re
345 2486 394 2525 V.
420 2486 467 2525 P.
501 2486 571 2532 R..
603 2486 795 2526 secondo
826 2486 857 2525 il
887 2486 1033 2532 solito,
1065 2486 1109 2524 di
1140 2485 1242 2536 quel
1272 2486 1352 2525 che
1382 2485 1621 2525 habbiamo
1649 2486 1722 2525 dal
1754 2485 1894 2536 primo

269 2550 312 2590 di
335 2551 536 2590 Gennaio
568 2562 645 2601 per
673 2551 744 2590 sin
778 2550 1140 2590 all'infrascritto
1170 2551 1341 2601 giorno.
1366 2550 1415 2590 Li
1446 2551 1585 2590 nostri
1607 2562 1718 2590 sono
1738 2550 1894 2602 quanti

269 2615 425 2654 l'altra
455 2615 592 2663 110113,
624 2615 718 2654 0106
750 2615 842 2662 XV,
875 2627 965 2654 non
1007 2615 1228 2654 contando
1273 2627 1334 2654 un
1376 2615 1550 2655 nouitio
1591 2615 1671 2655 che
1713 2627 1822 2666 poco
1851 2615 1895 2654 fa

270 2691 413 2718 11611116
443 2679 487 2718 (11
517 2679 675 2730 Napoli
705 2681 745 2718 et
776 2680 847 2718 010
877 2681 945 2718 sia
988 2679 1107 2718 nella
1149 2679 1340 2718 seconda
1383 2679 1657 2730 probatione,
1689 2679 1895 2719 hauendo

332 2873 340 2889 ¹
365 2872 401 2904 P.
428 2872 584 2904 Ioannes
615 2872 809 2905 Gamharo.

330 2927 341 2943 2
367 2925 457 2957 Vide
480 2925 575 2957 Litt.
605 2924 813 2964 Quadi-im.
838 2925 898 2965 VI,
924 2926 973 2957 11.

331 2980 344 2997 ³
369 2978 420 3009 Ex
444 2979 589 3019 autogr.
614 2978 653 3010 in
677 2978 802 3011 codice
824 2979 948 3020 Neap.
973 2978 1057 3014 193,
1082 2978 1118 3011 ff.
1142 2979 1192 3015 49,
1218 2979 1259 3010 50
1280 2979 1381 3020 (348).
1406 2978 1501 3011 Sunt
1523 2979 1596 3011 duo
1619 2979 1693 3010 alia
1728 2978 1896 3020 exempla

269 3030 359 3062 itala
384 3031 422 3062 in
445 3030 481 3063 ff.
506 3031 564 3069 44;
588 3031 702 3071 47-483
728 3032 764 3063 et
787 3031 860 3064 duo
884 3032 972 3063 item
995 3031 1113 3063 latina
1136 3031 1174 3063 in
1198 3031 1233 3064 ff.
1258 3032 1370 3071 45-46;
1395 3032 1502 3065 51-502.
