<?xml version="1.0" encoding="UTF-8"?>
<!DOCTYPE html PUBLIC "-//W3C//DTD XHTML 1.0 Transitional//EN"
    "http://www.w3.org/TR/xhtml1/DTD/xhtml1-transitional.dtd">
<html xmlns="http://www.w3.org/1999/xhtml" xml:lang="en" lang="en">
 <head>
  <title>
</title>
<meta http-equiv="Content-Type" content="text/html;charset=utf-8" />
  <meta name='ocr-system' content='tesseract 3.04.00' />
  <meta name='ocr-capabilities' content='ocr_page ocr_carea ocr_par ocr_line ocrx_word'/>
</head>
<body>
  <div class='ocr_page' id='page_1' title='image "./litteraequadrime1907lain_0561.png"; bbox 0 0 2028 3531; ppageno 0'>
   <div class='ocr_carea' id='block_1_1' title="bbox 497 288 1680 326">
    <p class='ocr_par' dir='ltr' id='par_1_1' title="bbox 497 288 1680 326">
     <span class='ocr_line' id='line_1_1' title="bbox 497 288 1680 326; baseline 0 0"><span class='ocrx_word' id='word_1_1' title='bbox 497 289 578 326; x_wconf 81' lang='lat'>575.</span> <span class='ocrx_word' id='word_1_2' title='bbox 605 311 650 315; x_wconf 88' lang='lat'><strong>—</strong></span> <span class='ocrx_word' id='word_1_3' title='bbox 677 289 876 326; x_wconf 71' lang='lat' dir='ltr'>Tnnvmrs</span> <span class='ocrx_word' id='word_1_4' title='bbox 900 289 924 325; x_wconf 76' lang='lat'><strong>4</strong></span> <span class='ocrx_word' id='word_1_5' title='bbox 950 288 1205 325; x_wconf 74' lang='lat' dir='ltr'>SEPTEMBms</span> <span class='ocrx_word' id='word_1_6' title='bbox 1234 288 1321 325; x_wconf 83' lang='lat'>1561</span> <span class='ocrx_word' id='word_1_7' title='bbox 1610 289 1680 326; x_wconf 83' lang='lat'>535</span> 
     </span>
    </p>
   </div>
   <div class='ocr_carea' id='block_1_2' title="bbox 77 407 1725 2620">
    <p class='ocr_par' dir='ltr' id='par_1_2' title="bbox 83 407 1725 1439">
     <span class='ocr_line' id='line_1_2' title="bbox 95 407 1722 460; baseline -0.001 -12"><span class='ocrx_word' id='word_1_8' title='bbox 95 409 319 448; x_wconf 88' lang='lat' dir='ltr'>burendos</span> <span class='ocrx_word' id='word_1_9' title='bbox 348 408 602 451; x_wconf 80' lang='lat' dir='ltr'>detulerint,</span> <span class='ocrx_word' id='word_1_10' title='bbox 626 408 731 460; x_wconf 86' lang='lat' dir='ltr'>quia</span> <span class='ocrx_word' id='word_1_11' title='bbox 761 408 958 448; x_wconf 89' lang='lat' dir='ltr'>admixta</span> <span class='ocrx_word' id='word_1_12' title='bbox 987 407 1205 459; x_wconf 83' lang='lat' dir='ltr'>quaedam</span> <span class='ocrx_word' id='word_1_13' title='bbox 1226 408 1389 447; x_wconf 88' lang='lat' dir='ltr'>habere</span> <span class='ocrx_word' id='word_1_14' title='bbox 1414 408 1722 455; x_wconf 78' lang='lat' dir='ltr'>credebantur,</span> 
     </span>
     <span class='ocr_line' id='line_1_3' title="bbox 91 472 1724 525; baseline -0.001 -12"><span class='ocrx_word' id='word_1_15' title='bbox 91 485 205 525; x_wconf 91' lang='lat' dir='ltr'>quae</span> <span class='ocrx_word' id='word_1_16' title='bbox 246 474 357 514; x_wconf 86' lang='lat' dir='ltr'>citra</span> <span class='ocrx_word' id='word_1_17' title='bbox 402 473 646 525; x_wconf 90' lang='lat' dir='ltr'>periculum</span> <span class='ocrx_word' id='word_1_18' title='bbox 677 474 853 513; x_wconf 82' lang='lat' dir='ltr'>animae</span> <span class='ocrx_word' id='word_1_19' title='bbox 883 473 969 524; x_wconf 83' lang='lat' dir='ltr'>legi</span> <span class='ocrx_word' id='word_1_20' title='bbox 1001 484 1091 512; x_wconf 92' lang='lat' dir='ltr'>non</span> <span class='ocrx_word' id='word_1_21' title='bbox 1122 475 1318 523; x_wconf 82' lang='lat' dir='ltr'>possent,</span> <span class='ocrx_word' id='word_1_22' title='bbox 1351 472 1496 524; x_wconf 89' lang='lat' dir='ltr'>ijsque</span> <span class='ocrx_word' id='word_1_23' title='bbox 1539 472 1629 512; x_wconf 88' lang='lat' dir='ltr'>alia</span> <span class='ocrx_word' id='word_1_24' title='bbox 1667 473 1724 512; x_wconf 91' lang='lat' dir='ltr'>si-</span> 
     </span>
     <span class='ocr_line' id='line_1_4' title="bbox 92 538 1723 589; baseline -0.001 -11"><span class='ocrx_word' id='word_1_25' title='bbox 92 539 229 580; x_wconf 87' lang='lat' dir='ltr'><strong>milia.</strong></span> <span class='ocrx_word' id='word_1_26' title='bbox 261 539 404 580; x_wconf 86' lang='lat' dir='ltr'>Vnius</span> <span class='ocrx_word' id='word_1_27' title='bbox 433 541 548 579; x_wconf 90' lang='lat' dir='ltr'>certe</span> <span class='ocrx_word' id='word_1_28' title='bbox 578 540 730 579; x_wconf 87' lang='lat' dir='ltr'>audita</span> <span class='ocrx_word' id='word_1_29' title='bbox 760 541 825 580; x_wconf 89' lang='lat' dir='ltr'>est</span> <span class='ocrx_word' id='word_1_30' title='bbox 855 538 1091 585; x_wconf 89' lang='lat' dir='ltr'>confessio,</span> <span class='ocrx_word' id='word_1_31' title='bbox 1123 538 1200 589; x_wconf 90' lang='lat' dir='ltr'>qui</span> <span class='ocrx_word' id='word_1_32' title='bbox 1244 538 1341 578; x_wconf 89' lang='lat' dir='ltr'>eius</span> <span class='ocrx_word' id='word_1_33' title='bbox 1385 538 1526 578; x_wconf 89' lang='lat' dir='ltr'>solius</span> <span class='ocrx_word' id='word_1_34' title='bbox 1566 538 1723 589; x_wconf 82' lang='lat' dir='ltr'>gratia,</span> 
     </span>
     <span class='ocr_line' id='line_1_5' title="bbox 89 603 1725 656; baseline -0.001 -12"><span class='ocrx_word' id='word_1_35' title='bbox 89 616 269 644; x_wconf 91' lang='lat' dir='ltr'>emenso</span> <span class='ocrx_word' id='word_1_36' title='bbox 298 605 403 644; x_wconf 85' lang='lat'>7000</span> <span class='ocrx_word' id='word_1_37' title='bbox 432 616 646 656; x_wconf 81' lang='lat' dir='ltr'><strong>passuum</strong></span> <span class='ocrx_word' id='word_1_38' title='bbox 676 604 1031 656; x_wconf 83' lang='lat' dir='ltr'>germanicorum</span> <span class='ocrx_word' id='word_1_39' title='bbox 1064 604 1236 651; x_wconf 89' lang='lat' dir='ltr'>itinere,</span> <span class='ocrx_word' id='word_1_40' title='bbox 1278 615 1326 643; x_wconf 89' lang='lat' dir='ltr'>ea</span> <span class='ocrx_word' id='word_1_41' title='bbox 1358 603 1409 642; x_wconf 69' lang='lat'>25</span> <span class='ocrx_word' id='word_1_42' title='bbox 1439 603 1589 643; x_wconf 85' lang='lat' dir='ltr'>italica</span> <span class='ocrx_word' id='word_1_43' title='bbox 1623 615 1725 643; x_wconf 93' lang='lat' dir='ltr'>con-</span> 
     </span>
     <span class='ocr_line' id='line_1_6' title="bbox 90 668 1723 720; baseline 0 -12"><span class='ocrx_word' id='word_1_44' title='bbox 90 669 290 717; x_wconf 85' lang='lat' dir='ltr'>stituent,</span> <span class='ocrx_word' id='word_1_45' title='bbox 322 669 377 709; x_wconf 89' lang='lat' dir='ltr'>ad</span> <span class='ocrx_word' id='word_1_46' title='bbox 408 681 490 709; x_wconf 93' lang='lat' dir='ltr'>nos</span> <span class='ocrx_word' id='word_1_47' title='bbox 520 670 658 710; x_wconf 91' lang='lat' dir='ltr'>uenit.</span> <span class='ocrx_word' id='word_1_48' title='bbox 693 671 735 709; x_wconf 92' lang='lat' dir='ltr'>Is</span> <span class='ocrx_word' id='word_1_49' title='bbox 764 681 864 710; x_wconf 88' lang='lat' dir='ltr'>cum</span> <span class='ocrx_word' id='word_1_50' title='bbox 895 680 1123 720; x_wconf 89' lang='lat' dir='ltr'>nunquam</span> <span class='ocrx_word' id='word_1_51' title='bbox 1158 669 1204 707; x_wconf 91' lang='lat' dir='ltr'>in</span> <span class='ocrx_word' id='word_1_52' title='bbox 1234 668 1355 708; x_wconf 91' lang='lat' dir='ltr'>omni</span> <span class='ocrx_word' id='word_1_53' title='bbox 1400 670 1604 708; x_wconf 88' lang='lat' dir='ltr'>anteacta</span> <span class='ocrx_word' id='word_1_54' title='bbox 1636 668 1723 708; x_wconf 84' lang='lat' dir='ltr'>vita</span> 
     </span>
     <span class='ocr_line' id='line_1_7' title="bbox 89 733 1722 785; baseline -0.001 -11"><span class='ocrx_word' id='word_1_55' title='bbox 89 745 318 785; x_wconf 83' lang='lat' dir='ltr'>synceram</span> <span class='ocrx_word' id='word_1_56' title='bbox 349 735 674 775; x_wconf 90' lang='lat' dir='ltr'>confessionem</span> <span class='ocrx_word' id='word_1_57' title='bbox 704 747 888 775; x_wconf 88' lang='lat' dir='ltr'>suorum</span> <span class='ocrx_word' id='word_1_58' title='bbox 918 734 1155 774; x_wconf 87' lang='lat' dir='ltr'>criminum</span> <span class='ocrx_word' id='word_1_59' title='bbox 1187 733 1377 783; x_wconf 81' lang='lat' dir='ltr'>fecisset,</span> <span class='ocrx_word' id='word_1_60' title='bbox 1401 735 1534 784; x_wconf 89' lang='lat' dir='ltr'>atque</span> <span class='ocrx_word' id='word_1_61' title='bbox 1559 746 1583 773; x_wconf 89' lang='lat' dir='ltr'>a</span> <span class='ocrx_word' id='word_1_62' title='bbox 1614 734 1722 773; x_wconf 92' lang='lat' dir='ltr'>mul-</span> 
     </span>
     <span class='ocr_line' id='line_1_8' title="bbox 89 798 1725 846; baseline -0.001 -7"><span class='ocrx_word' id='word_1_63' title='bbox 89 799 146 839; x_wconf 81' lang='lat' dir='ltr'>tis</span> <span class='ocrx_word' id='word_1_64' title='bbox 176 801 292 839; x_wconf 87' lang='lat' dir='ltr'>retro</span> <span class='ocrx_word' id='word_1_65' title='bbox 321 800 454 839; x_wconf 91' lang='lat' dir='ltr'>annis</span> <span class='ocrx_word' id='word_1_66' title='bbox 483 800 529 839; x_wconf 93' lang='lat' dir='ltr'>in</span> <span class='ocrx_word' id='word_1_67' title='bbox 559 801 774 840; x_wconf 88' lang='lat' dir='ltr'>continuo</span> <span class='ocrx_word' id='word_1_68' title='bbox 817 799 1037 839; x_wconf 88' lang='lat' dir='ltr'>adulterio</span> <span class='ocrx_word' id='word_1_69' title='bbox 1085 799 1280 846; x_wconf 82' lang='lat' dir='ltr'>vixisset,</span> <span class='ocrx_word' id='word_1_70' title='bbox 1314 799 1359 838; x_wconf 92' lang='lat' dir='ltr'>in</span> <span class='ocrx_word' id='word_1_71' title='bbox 1390 798 1562 838; x_wconf 90' lang='lat' dir='ltr'>somnis</span> <span class='ocrx_word' id='word_1_72' title='bbox 1602 799 1725 839; x_wconf 90' lang='lat' dir='ltr'>visus</span> 
     </span>
     <span class='ocr_line' id='line_1_9' title="bbox 88 864 1725 916; baseline 0 -13"><span class='ocrx_word' id='word_1_73' title='bbox 88 866 154 904; x_wconf 91' lang='lat' dir='ltr'>est</span> <span class='ocrx_word' id='word_1_74' title='bbox 184 864 252 904; x_wconf 89' lang='lat' dir='ltr'>illi</span> <span class='ocrx_word' id='word_1_75' title='bbox 281 865 451 912; x_wconf 84' lang='lat' dir='ltr'>adesse,</span> <span class='ocrx_word' id='word_1_76' title='bbox 484 865 560 916; x_wconf 92' lang='lat' dir='ltr'>qui</span> <span class='ocrx_word' id='word_1_77' title='bbox 593 867 638 904; x_wconf 90' lang='lat' dir='ltr'>vt</span> <span class='ocrx_word' id='word_1_78' title='bbox 668 865 876 905; x_wconf 80' lang='lat' dir='ltr'>Treuiros</span> <span class='ocrx_word' id='word_1_79' title='bbox 906 876 952 904; x_wconf 89' lang='lat' dir='ltr'>se</span> <span class='ocrx_word' id='word_1_80' title='bbox 981 864 1199 904; x_wconf 86' lang='lat' dir='ltr'>conferret</span> <span class='ocrx_word' id='word_1_81' title='bbox 1228 864 1510 912; x_wconf 81' lang='lat' dir='ltr'>admoneret3</span> <span class='ocrx_word' id='word_1_82' title='bbox 1533 876 1623 903; x_wconf 92' lang='lat' dir='ltr'>non</span> <span class='ocrx_word' id='word_1_83' title='bbox 1653 864 1725 903; x_wconf 91' lang='lat' dir='ltr'>de-</span> 
     </span>
     <span class='ocr_line' id='line_1_10' title="bbox 89 929 1723 982; baseline 0.001 -13"><span class='ocrx_word' id='word_1_84' title='bbox 89 930 264 970; x_wconf 88' lang='lat' dir='ltr'>futuros</span> <span class='ocrx_word' id='word_1_85' title='bbox 293 930 371 974; x_wconf 81' lang='lat' dir='ltr'>ibi,</span> <span class='ocrx_word' id='word_1_86' title='bbox 394 931 471 982; x_wconf 89' lang='lat' dir='ltr'>qui</span> <span class='ocrx_word' id='word_1_87' title='bbox 503 931 631 970; x_wconf 86' lang='lat' dir='ltr'>illum</span> <span class='ocrx_word' id='word_1_88' title='bbox 662 931 817 971; x_wconf 91' lang='lat' dir='ltr'>iuuare</span> <span class='ocrx_word' id='word_1_89' title='bbox 848 932 1043 982; x_wconf 82' lang='lat' dir='ltr'>possent.</span> <span class='ocrx_word' id='word_1_90' title='bbox 1077 929 1164 969; x_wconf 88' lang='lat' dir='ltr'>Nec</span> <span class='ocrx_word' id='word_1_91' title='bbox 1193 929 1336 969; x_wconf 89' lang='lat' dir='ltr'>defuit</span> <span class='ocrx_word' id='word_1_92' title='bbox 1365 931 1479 969; x_wconf 88' lang='lat' dir='ltr'>recte</span> <span class='ocrx_word' id='word_1_93' title='bbox 1509 929 1723 970; x_wconf 87' lang='lat' dir='ltr'>monenti.</span> 
     </span>
     <span class='ocr_line' id='line_1_11' title="bbox 91 995 1725 1047; baseline -0.001 -12"><span class='ocrx_word' id='word_1_94' title='bbox 91 995 219 1035; x_wconf 89' lang='lat' dir='ltr'>Venit</span> <span class='ocrx_word' id='word_1_95' title='bbox 247 996 349 1043; x_wconf 87' lang='lat' dir='ltr'>huc,</span> <span class='ocrx_word' id='word_1_96' title='bbox 373 999 550 1036; x_wconf 87' lang='lat' dir='ltr'>nostros</span> <span class='ocrx_word' id='word_1_97' title='bbox 579 996 705 1047; x_wconf 78' lang='lat' dir='ltr'>adij‘t,</span> <span class='ocrx_word' id='word_1_98' title='bbox 730 996 804 1036; x_wconf 89' lang='lat' dir='ltr'>vbi</span> <span class='ocrx_word' id='word_1_99' title='bbox 834 1008 933 1036; x_wconf 91' lang='lat' dir='ltr'>cum</span> <span class='ocrx_word' id='word_1_100' title='bbox 961 1007 1092 1035; x_wconf 91' lang='lat' dir='ltr'>omne</span> <span class='ocrx_word' id='word_1_101' title='bbox 1114 995 1286 1046; x_wconf 84' lang='lat' dir='ltr'>Augiae</span> <span class='ocrx_word' id='word_1_102' title='bbox 1315 995 1544 1035; x_wconf 81' lang='lat' dir='ltr'>stabulum</span> <span class='ocrx_word' id='word_1_103' title='bbox 1575 1006 1725 1046; x_wconf 85' lang='lat' dir='ltr'>repur—</span> 
     </span>
     <span class='ocr_line' id='line_1_12' title="bbox 87 1060 1721 1113; baseline 0 -13"><span class='ocrx_word' id='word_1_104' title='bbox 87 1063 292 1112; x_wconf 80' lang='lat' dir='ltr'>gasset1,</span> <span class='ocrx_word' id='word_1_105' title='bbox 325 1062 518 1112; x_wconf 84' lang='lat' dir='ltr'>negabat</span> <span class='ocrx_word' id='word_1_106' title='bbox 560 1062 646 1102; x_wconf 88' lang='lat' dir='ltr'>sibi</span> <span class='ocrx_word' id='word_1_107' title='bbox 692 1074 883 1113; x_wconf 89' lang='lat' dir='ltr'>vnquam</span> <span class='ocrx_word' id='word_1_108' title='bbox 929 1061 1186 1112; x_wconf 79' lang='lat' dir='ltr'>contigisse.</span> <span class='ocrx_word' id='word_1_109' title='bbox 1228 1063 1273 1100; x_wconf 90' lang='lat' dir='ltr'>vt</span> <span class='ocrx_word' id='word_1_110' title='bbox 1316 1060 1394 1100; x_wconf 92' lang='lat' dir='ltr'>tali</span> <span class='ocrx_word' id='word_1_111' title='bbox 1438 1060 1721 1108; x_wconf 79' lang='lat' dir='ltr'>contritione,</span> 
     </span>
     <span class='ocr_line' id='line_1_13' title="bbox 86 1126 1720 1177; baseline -0.001 -11"><span class='ocrx_word' id='word_1_112' title='bbox 86 1128 164 1166; x_wconf 88' lang='lat' dir='ltr'>aut</span> <span class='ocrx_word' id='word_1_113' title='bbox 205 1126 343 1166; x_wconf 89' lang='lat' dir='ltr'>animi</span> <span class='ocrx_word' id='word_1_114' title='bbox 388 1127 660 1167; x_wconf 87' lang='lat' dir='ltr'>demissione</span> <span class='ocrx_word' id='word_1_115' title='bbox 703 1128 1000 1167; x_wconf 78' lang='lat' dir='ltr'>confiteretur.</span> <span class='ocrx_word' id='word_1_116' title='bbox 1046 1126 1206 1166; x_wconf 85' lang='lat' dir='ltr'>Mulier</span> <span class='ocrx_word' id='word_1_117' title='bbox 1248 1138 1426 1177; x_wconf 88' lang='lat' dir='ltr'>quoque</span> <span class='ocrx_word' id='word_1_118' title='bbox 1465 1127 1720 1166; x_wconf 86' lang='lat' dir='ltr'>nostrorum</span> 
     </span>
     <span class='ocr_line' id='line_1_14' title="bbox 86 1192 1720 1244; baseline -0.001 -12"><span class='ocrx_word' id='word_1_119' title='bbox 86 1192 202 1231; x_wconf 90' lang='lat' dir='ltr'>fama</span> <span class='ocrx_word' id='word_1_120' title='bbox 232 1192 437 1240; x_wconf 83' lang='lat' dir='ltr'>excitata,</span> <span class='ocrx_word' id='word_1_121' title='bbox 464 1193 606 1232; x_wconf 91' lang='lat' dir='ltr'>solius</span> <span class='ocrx_word' id='word_1_122' title='bbox 635 1192 932 1232; x_wconf 92' lang='lat' dir='ltr'>confessionis</span> <span class='ocrx_word' id='word_1_123' title='bbox 961 1204 1080 1244; x_wconf 82' lang='lat' dir='ltr'>ergo,</span> <span class='ocrx_word' id='word_1_124' title='bbox 1109 1192 1346 1232; x_wconf 82' lang='lat' dir='ltr'>admodum</span> <span class='ocrx_word' id='word_1_125' title='bbox 1379 1192 1527 1231; x_wconf 88' lang='lat' dir='ltr'>vicina</span> <span class='ocrx_word' id='word_1_126' title='bbox 1557 1192 1720 1243; x_wconf 87' lang='lat' dir='ltr'>partui,</span> 
     </span>
     <span class='ocr_line' id='line_1_15' title="bbox 85 1257 1722 1310; baseline 0.001 -14"><span class='ocrx_word' id='word_1_127' title='bbox 85 1257 313 1298; x_wconf 89' lang='lat' dir='ltr'>Treuerim</span> <span class='ocrx_word' id='word_1_128' title='bbox 342 1259 479 1305; x_wconf 87' lang='lat' dir='ltr'>venit,</span> <span class='ocrx_word' id='word_1_129' title='bbox 513 1259 597 1298; x_wconf 83' lang='lat' dir='ltr'>tr‘a</span> <span class='ocrx_word' id='word_1_130' title='bbox 627 1258 821 1297; x_wconf 87' lang='lat' dir='ltr'>miliaria</span> <span class='ocrx_word' id='word_1_131' title='bbox 850 1258 1104 1310; x_wconf 82' lang='lat' dir='ltr'>germanica</span> <span class='ocrx_word' id='word_1_132' title='bbox 1150 1258 1337 1309; x_wconf 88' lang='lat' dir='ltr'>pedibus</span> <span class='ocrx_word' id='word_1_133' title='bbox 1379 1257 1634 1298; x_wconf 84' lang='lat' dir='ltr'>conficiens.</span> <span class='ocrx_word' id='word_1_134' title='bbox 1674 1258 1722 1298; x_wconf 95' lang='lat' dir='ltr'>Id</span> 
     </span>
     <span class='ocr_line' id='line_1_16' title="bbox 85 1322 1721 1375; baseline 0 -13"><span class='ocrx_word' id='word_1_135' title='bbox 85 1322 232 1374; x_wconf 90' lang='lat' dir='ltr'>ipsum</span> <span class='ocrx_word' id='word_1_136' title='bbox 262 1323 349 1362; x_wconf 90' lang='lat' dir='ltr'>huc</span> <span class='ocrx_word' id='word_1_137' title='bbox 378 1323 541 1363; x_wconf 85' lang='lat' dir='ltr'>adferri</span> <span class='ocrx_word' id='word_1_138' title='bbox 573 1325 719 1374; x_wconf 91' lang='lat' dir='ltr'>posset</span> <span class='ocrx_word' id='word_1_139' title='bbox 751 1323 804 1362; x_wconf 92' lang='lat' dir='ltr'>de</span> <span class='ocrx_word' id='word_1_140' title='bbox 834 1323 976 1362; x_wconf 87' lang='lat' dir='ltr'>nobili</span> <span class='ocrx_word' id='word_1_141' title='bbox 1006 1323 1197 1375; x_wconf 90' lang='lat' dir='ltr'>quadam</span> <span class='ocrx_word' id='word_1_142' title='bbox 1244 1325 1461 1371; x_wconf 87' lang='lat' dir='ltr'>matrona,</span> <span class='ocrx_word' id='word_1_143' title='bbox 1493 1334 1607 1374; x_wconf 91' lang='lat' dir='ltr'>quae</span> <span class='ocrx_word' id='word_1_144' title='bbox 1641 1322 1721 1362; x_wconf 89' lang='lat' dir='ltr'>ali—</span> 
     </span>
     <span class='ocr_line' id='line_1_17' title="bbox 83 1388 1535 1439; baseline 0 -12"><span class='ocrx_word' id='word_1_145' title='bbox 83 1390 191 1439; x_wconf 91' lang='lat' dir='ltr'>quot</span> <span class='ocrx_word' id='word_1_146' title='bbox 221 1399 433 1438; x_wconf 88' lang='lat' dir='ltr'>passuum</span> <span class='ocrx_word' id='word_1_147' title='bbox 467 1388 650 1428; x_wconf 89' lang='lat' dir='ltr'>milibus</span> <span class='ocrx_word' id='word_1_148' title='bbox 679 1390 801 1428; x_wconf 86' lang='lat' dir='ltr'>extra</span> <span class='ocrx_word' id='word_1_149' title='bbox 833 1388 1061 1428; x_wconf 87' lang='lat' dir='ltr'>Treuerim</span> <span class='ocrx_word' id='word_1_150' title='bbox 1091 1388 1367 1428; x_wconf 86' lang='lat' dir='ltr'>domicilium</span> <span class='ocrx_word' id='word_1_151' title='bbox 1401 1388 1535 1428; x_wconf 84' lang='lat' dir='ltr'>fouet.</span> 
     </span>
    </p>

    <p class='ocr_par' dir='ltr' id='par_1_3' title="bbox 79 1452 1722 2280">
     <span class='ocr_line' id='line_1_18' title="bbox 163 1452 1722 1505; baseline 0.001 -13"><span class='ocrx_word' id='word_1_152' title='bbox 163 1453 201 1494; x_wconf 86' lang='lat'>9.</span> <span class='ocrx_word' id='word_1_153' title='bbox 232 1452 358 1503; x_wconf 84' lang='lat' dir='ltr'>Quod</span> <span class='ocrx_word' id='word_1_154' title='bbox 403 1465 507 1493; x_wconf 89' lang='lat' dir='ltr'>vero</span> <span class='ocrx_word' id='word_1_155' title='bbox 549 1454 604 1493; x_wconf 92' lang='lat' dir='ltr'>ad</span> <span class='ocrx_word' id='word_1_156' title='bbox 649 1466 724 1493; x_wconf 88' lang='lat' dir='ltr'>eas</span> <span class='ocrx_word' id='word_1_157' title='bbox 766 1456 935 1505; x_wconf 90' lang='lat' dir='ltr'>spectat</span> <span class='ocrx_word' id='word_1_158' title='bbox 977 1453 1296 1501; x_wconf 88' lang='lat' dir='ltr'>confessiones,</span> <span class='ocrx_word' id='word_1_159' title='bbox 1327 1465 1441 1505; x_wconf 84' lang='lat' dir='ltr'>quae</span> <span class='ocrx_word' id='word_1_160' title='bbox 1484 1466 1509 1492; x_wconf 91' lang='lat' dir='ltr'>a</span> <span class='ocrx_word' id='word_1_161' title='bbox 1543 1453 1722 1493; x_wconf 90' lang='lat' dir='ltr'>ciuibus</span> 
     </span>
     <span class='ocr_line' id='line_1_19' title="bbox 84 1518 1721 1571; baseline 0 -13"><span class='ocrx_word' id='word_1_162' title='bbox 84 1518 210 1565; x_wconf 85' lang='lat' dir='ltr'>fiunt,</span> <span class='ocrx_word' id='word_1_163' title='bbox 235 1530 325 1558; x_wconf 88' lang='lat' dir='ltr'>non</span> <span class='ocrx_word' id='word_1_164' title='bbox 354 1521 458 1558; x_wconf 89' lang='lat' dir='ltr'>sunt</span> <span class='ocrx_word' id='word_1_165' title='bbox 490 1531 566 1558; x_wconf 90' lang='lat' dir='ltr'>eae</span> <span class='ocrx_word' id='word_1_166' title='bbox 596 1519 776 1570; x_wconf 90' lang='lat' dir='ltr'>quidem</span> <span class='ocrx_word' id='word_1_167' title='bbox 807 1519 1047 1559; x_wconf 89' lang='lat' dir='ltr'>admodum</span> <span class='ocrx_word' id='word_1_168' title='bbox 1069 1519 1387 1571; x_wconf 85' lang='lat' dir='ltr'>infrequentes,</span> <span class='ocrx_word' id='word_1_169' title='bbox 1411 1518 1552 1558; x_wconf 89' lang='lat' dir='ltr'>multo</span> <span class='ocrx_word' id='word_1_170' title='bbox 1573 1521 1721 1558; x_wconf 89' lang='lat' dir='ltr'>tamen</span> 
     </span>
     <span class='ocr_line' id='line_1_20' title="bbox 83 1584 1718 1636; baseline 0.001 -14"><span class='ocrx_word' id='word_1_171' title='bbox 83 1584 406 1635; x_wconf 84' lang='lat' dir='ltr'>frequentiores</span> <span class='ocrx_word' id='word_1_172' title='bbox 450 1584 640 1633; x_wconf 88' lang='lat' dir='ltr'>futurae,</span> <span class='ocrx_word' id='word_1_173' title='bbox 672 1585 710 1624; x_wconf 91' lang='lat' dir='ltr'>si</span> <span class='ocrx_word' id='word_1_174' title='bbox 754 1587 919 1624; x_wconf 89' lang='lat' dir='ltr'>certum</span> <span class='ocrx_word' id='word_1_175' title='bbox 965 1585 1147 1635; x_wconf 85' lang='lat' dir='ltr'>aliquod</span> <span class='ocrx_word' id='word_1_176' title='bbox 1182 1585 1396 1636; x_wconf 88' lang='lat' dir='ltr'>templum</span> <span class='ocrx_word' id='word_1_177' title='bbox 1427 1585 1718 1633; x_wconf 85' lang='lat' dir='ltr'>haberemus;</span> 
     </span>
     <span class='ocr_line' id='line_1_21' title="bbox 82 1649 1720 1702; baseline 0 -14"><span class='ocrx_word' id='word_1_178' title='bbox 82 1649 138 1688; x_wconf 88' lang='lat' dir='ltr'>ad</span> <span class='ocrx_word' id='word_1_179' title='bbox 167 1649 286 1700; x_wconf 91' lang='lat' dir='ltr'>quod</span> <span class='ocrx_word' id='word_1_180' title='bbox 330 1649 547 1689; x_wconf 87' lang='lat' dir='ltr'>hactenus</span> <span class='ocrx_word' id='word_1_181' title='bbox 590 1650 747 1690; x_wconf 91' lang='lat' dir='ltr'>sedulo</span> <span class='ocrx_word' id='word_1_182' title='bbox 790 1650 969 1702; x_wconf 87' lang='lat' dir='ltr'>quidem</span> <span class='ocrx_word' id='word_1_183' title='bbox 1016 1650 1313 1701; x_wconf 83' lang='lat' dir='ltr'>aduigilatum</span> <span class='ocrx_word' id='word_1_184' title='bbox 1357 1652 1434 1700; x_wconf 89' lang='lat' dir='ltr'>est,</span> <span class='ocrx_word' id='word_1_185' title='bbox 1466 1661 1556 1689; x_wconf 90' lang='lat' dir='ltr'>non</span> <span class='ocrx_word' id='word_1_186' title='bbox 1586 1661 1611 1689; x_wconf 86' lang='lat' dir='ltr'>a</span> <span class='ocrx_word' id='word_1_187' title='bbox 1641 1661 1720 1689; x_wconf 89' lang='lat' dir='ltr'>no-</span> 
     </span>
     <span class='ocr_line' id='line_1_22' title="bbox 82 1714 1720 1767; baseline 0.001 -14"><span class='ocrx_word' id='word_1_188' title='bbox 82 1714 186 1754; x_wconf 86' lang='lat' dir='ltr'>stris</span> <span class='ocrx_word' id='word_1_189' title='bbox 218 1715 348 1754; x_wconf 89' lang='lat' dir='ltr'>modo</span> <span class='ocrx_word' id='word_1_190' title='bbox 385 1722 419 1764; x_wconf 67' lang='lat' dir='ltr'>a,</span> <span class='ocrx_word' id='word_1_191' title='bbox 442 1727 596 1755; x_wconf 90' lang='lat' dir='ltr'>verum</span> <span class='ocrx_word' id='word_1_192' title='bbox 627 1718 669 1755; x_wconf 90' lang='lat' dir='ltr'>et</span> <span class='ocrx_word' id='word_1_193' title='bbox 689 1728 713 1755; x_wconf 92' lang='lat' dir='ltr'>a</span> <span class='ocrx_word' id='word_1_194' title='bbox 743 1716 1008 1756; x_wconf 78' lang='lat' dir='ltr'>consulibus</span> <span class='ocrx_word' id='word_1_195' title='bbox 1044 1715 1077 1763; x_wconf 78' lang='lat' dir='ltr'>b,</span> <span class='ocrx_word' id='word_1_196' title='bbox 1110 1717 1153 1756; x_wconf 91' lang='lat' dir='ltr'>et</span> <span class='ocrx_word' id='word_1_197' title='bbox 1183 1716 1417 1767; x_wconf 83' lang='lat' dir='ltr'>praecipue</span> <span class='ocrx_word' id='word_1_198' title='bbox 1448 1716 1556 1756; x_wconf 82' lang='lat' dir='ltr'>R.m0</span> <span class='ocrx_word' id='word_1_199' title='bbox 1578 1715 1629 1756; x_wconf 90' lang='lat' dir='ltr'>D.</span> <span class='ocrx_word' id='word_1_200' title='bbox 1654 1728 1720 1755; x_wconf 86' lang='lat' dir='ltr'>ar-</span> 
     </span>
     <span class='ocr_line' id='line_1_23' title="bbox 81 1779 1717 1832; baseline 0.001 -13"><span class='ocrx_word' id='word_1_201' title='bbox 81 1779 381 1831; x_wconf 84' lang='lat' dir='ltr'>chiepiscopo,</span> <span class='ocrx_word' id='word_1_202' title='bbox 413 1780 491 1832; x_wconf 92' lang='lat' dir='ltr'>qui</span> <span class='ocrx_word' id='word_1_203' title='bbox 522 1781 606 1821; x_wconf 87' lang='lat' dir='ltr'>hoc</span> <span class='ocrx_word' id='word_1_204' title='bbox 635 1781 782 1832; x_wconf 90' lang='lat' dir='ltr'>ipsum</span> <span class='ocrx_word' id='word_1_205' title='bbox 814 1793 917 1832; x_wconf 88' lang='lat' dir='ltr'>prae</span> <span class='ocrx_word' id='word_1_206' title='bbox 947 1781 1133 1821; x_wconf 90' lang='lat' dir='ltr'>coeteris</span> <span class='ocrx_word' id='word_1_207' title='bbox 1163 1781 1209 1820; x_wconf 89' lang='lat' dir='ltr'>in</span> <span class='ocrx_word' id='word_1_208' title='bbox 1240 1781 1356 1820; x_wconf 90' lang='lat' dir='ltr'>votis</span> <span class='ocrx_word' id='word_1_209' title='bbox 1386 1781 1533 1821; x_wconf 90' lang='lat' dir='ltr'>habet.</span> <span class='ocrx_word' id='word_1_210' title='bbox 1556 1781 1717 1821; x_wconf 91' lang='lat' dir='ltr'>Verum</span> 
     </span>
     <span class='ocr_line' id='line_1_24' title="bbox 81 1845 1721 1898; baseline 0.001 -14"><span class='ocrx_word' id='word_1_211' title='bbox 81 1845 186 1896; x_wconf 92' lang='lat' dir='ltr'>quia</span> <span class='ocrx_word' id='word_1_212' title='bbox 232 1845 441 1897; x_wconf 89' lang='lat' dir='ltr'>pleraque</span> <span class='ocrx_word' id='word_1_213' title='bbox 483 1846 634 1886; x_wconf 86' lang='lat' dir='ltr'>oblata</span> <span class='ocrx_word' id='word_1_214' title='bbox 677 1846 818 1886; x_wconf 86' lang='lat' dir='ltr'>videri</span> <span class='ocrx_word' id='word_1_215' title='bbox 860 1848 1062 1898; x_wconf 87' lang='lat' dir='ltr'>poterant</span> <span class='ocrx_word' id='word_1_216' title='bbox 1091 1847 1258 1887; x_wconf 87' lang='lat' dir='ltr'>nostris</span> <span class='ocrx_word' id='word_1_217' title='bbox 1288 1846 1540 1886; x_wconf 89' lang='lat' dir='ltr'>rationibus</span> <span class='ocrx_word' id='word_1_218' title='bbox 1571 1846 1721 1886; x_wconf 87' lang='lat' dir='ltr'>minus</span> 
     </span>
     <span class='ocr_line' id='line_1_25' title="bbox 81 1910 1721 1964; baseline 0.001 -14"><span class='ocrx_word' id='word_1_219' title='bbox 81 1910 232 1950; x_wconf 89' lang='lat' dir='ltr'>futura</span> <span class='ocrx_word' id='word_1_220' title='bbox 274 1912 619 1962; x_wconf 86' lang='lat' dir='ltr'>accommodata,</span> <span class='ocrx_word' id='word_1_221' title='bbox 651 1912 699 1951; x_wconf 88' lang='lat' dir='ltr'>fit</span> <span class='ocrx_word' id='word_1_222' title='bbox 728 1914 774 1951; x_wconf 82' lang='lat' dir='ltr'>vt</span> <span class='ocrx_word' id='word_1_223' title='bbox 804 1912 851 1951; x_wconf 93' lang='lat' dir='ltr'>in</span> <span class='ocrx_word' id='word_1_224' title='bbox 882 1912 1127 1964; x_wconf 80' lang='lat' dir='ltr'>longiorem</span> <span class='ocrx_word' id='word_1_225' title='bbox 1159 1912 1576 1963; x_wconf 85' lang='lat' dir='ltr'>diuturnioremque</span> <span class='ocrx_word' id='word_1_226' title='bbox 1618 1924 1721 1952; x_wconf 91' lang='lat' dir='ltr'>con-</span> 
     </span>
     <span class='ocr_line' id='line_1_26' title="bbox 80 1976 1721 2029; baseline 0.001 -13"><span class='ocrx_word' id='word_1_227' title='bbox 80 1976 367 2016; x_wconf 86' lang='lat' dir='ltr'>sultationem</span> <span class='ocrx_word' id='word_1_228' title='bbox 397 1979 593 2025; x_wconf 89' lang='lat' dir='ltr'>vocetur,</span> <span class='ocrx_word' id='word_1_229' title='bbox 616 1978 735 2029; x_wconf 91' lang='lat' dir='ltr'>quod</span> <span class='ocrx_word' id='word_1_230' title='bbox 766 1978 1052 2018; x_wconf 85' lang='lat' dir='ltr'>statuendum</span> <span class='ocrx_word' id='word_1_231' title='bbox 1083 1980 1150 2018; x_wconf 91' lang='lat' dir='ltr'>est</span> <span class='ocrx_word' id='word_1_232' title='bbox 1179 1979 1315 2018; x_wconf 90' lang='lat' dir='ltr'>semel</span> <span class='ocrx_word' id='word_1_233' title='bbox 1337 1986 1365 2018; x_wconf 65' lang='grc' dir='ltr'>Ο.</span> <span class='ocrx_word' id='word_1_234' title='bbox 1390 1978 1523 2018; x_wconf 89' lang='lat' dir='ltr'>Nulla</span> <span class='ocrx_word' id='word_1_235' title='bbox 1549 1979 1721 2018; x_wconf 90' lang='lat' dir='ltr'>nostro-</span> 
     </span>
     <span class='ocr_line' id='line_1_27' title="bbox 80 2042 1718 2095; baseline 0.001 -14"><span class='ocrx_word' id='word_1_236' title='bbox 80 2053 176 2081; x_wconf 86' lang='lat' dir='ltr'>rum</span> <span class='ocrx_word' id='word_1_237' title='bbox 221 2043 299 2082; x_wconf 90' lang='lat' dir='ltr'>aut</span> <span class='ocrx_word' id='word_1_238' title='bbox 328 2042 373 2081; x_wconf 92' lang='lat' dir='ltr'>in</span> <span class='ocrx_word' id='word_1_239' title='bbox 403 2043 695 2095; x_wconf 83' lang='lat' dir='ltr'>xenodochijS</span> <span class='ocrx_word' id='word_1_240' title='bbox 725 2044 1110 2091; x_wconf 84' lang='lat' dir='ltr'>decumbentibus,</span> <span class='ocrx_word' id='word_1_241' title='bbox 1143 2046 1220 2084; x_wconf 92' lang='lat' dir='ltr'>aut</span> <span class='ocrx_word' id='word_1_242' title='bbox 1263 2043 1515 2084; x_wconf 90' lang='lat' dir='ltr'>carceribus</span> <span class='ocrx_word' id='word_1_243' title='bbox 1543 2042 1563 2069; x_wconf 77' lang='lat' dir='ltr'>d</span> <span class='ocrx_word' id='word_1_244' title='bbox 1597 2055 1718 2083; x_wconf 83' lang='lat' dir='ltr'>man—</span> 
     </span>
     <span class='ocr_line' id='line_1_28' title="bbox 79 2106 1718 2159; baseline 0.002 -13"><span class='ocrx_word' id='word_1_245' title='bbox 79 2106 239 2157; x_wconf 87' lang='lat' dir='ltr'>cipatis</span> <span class='ocrx_word' id='word_1_246' title='bbox 267 2107 440 2148; x_wconf 90' lang='lat' dir='ltr'>deesset</span> <span class='ocrx_word' id='word_1_247' title='bbox 468 2120 616 2159; x_wconf 88' lang='lat' dir='ltr'>opera,</span> <span class='ocrx_word' id='word_1_248' title='bbox 640 2109 678 2148; x_wconf 91' lang='lat' dir='ltr'>si</span> <span class='ocrx_word' id='word_1_249' title='bbox 708 2121 805 2149; x_wconf 89' lang='lat' dir='ltr'>sese</span> <span class='ocrx_word' id='word_1_250' title='bbox 834 2109 1011 2149; x_wconf 88' lang='lat' dir='ltr'>offerret</span> <span class='ocrx_word' id='word_1_251' title='bbox 1040 2110 1239 2158; x_wconf 74' lang='lat' dir='ltr'>occasio,</span> <span class='ocrx_word' id='word_1_252' title='bbox 1263 2110 1338 2149; x_wconf 91' lang='lat' dir='ltr'>sed</span> <span class='ocrx_word' id='word_1_253' title='bbox 1370 2112 1412 2149; x_wconf 90' lang='lat' dir='ltr'>et</span> <span class='ocrx_word' id='word_1_254' title='bbox 1442 2109 1718 2150; x_wconf 85' lang='lat' dir='ltr'>xenodochia</span> 
     </span>
     <span class='ocr_line' id='line_1_29' title="bbox 79 2173 1715 2227; baseline 0.002 -16"><span class='ocrx_word' id='word_1_255' title='bbox 79 2173 346 2213; x_wconf 76' lang='lat' dir='ltr'>et&#39;carceres</span> <span class='ocrx_word' id='word_1_256' title='bbox 375 2185 402 2213; x_wconf 89' lang='lat' dir='ltr'>a</span> <span class='ocrx_word' id='word_1_257' title='bbox 434 2174 585 2214; x_wconf 91' lang='lat' dir='ltr'>multis</span> <span class='ocrx_word' id='word_1_258' title='bbox 628 2174 717 2214; x_wconf 89' lang='lat' dir='ltr'>iam</span> <span class='ocrx_word' id='word_1_259' title='bbox 760 2175 1007 2225; x_wconf 86' lang='lat' dir='ltr'>mensibus,</span> <span class='ocrx_word' id='word_1_260' title='bbox 1038 2176 1158 2227; x_wconf 91' lang='lat' dir='ltr'>quod</span> <span class='ocrx_word' id='word_1_261' title='bbox 1204 2176 1366 2216; x_wconf 87' lang='lat' dir='ltr'>mirum</span> <span class='ocrx_word' id='word_1_262' title='bbox 1395 2175 1537 2215; x_wconf 89' lang='lat' dir='ltr'>videri</span> <span class='ocrx_word' id='word_1_263' title='bbox 1568 2177 1715 2227; x_wconf 90' lang='lat' dir='ltr'>queat,</span> 
     </span>
     <span class='ocr_line' id='line_1_30' title="bbox 81 2237 650 2280; baseline 0.005 -3"><span class='ocrx_word' id='word_1_264' title='bbox 81 2237 341 2278; x_wconf 86' lang='lat' dir='ltr'>hominibus</span> <span class='ocrx_word' id='word_1_265' title='bbox 370 2239 499 2279; x_wconf 87' lang='lat' dir='ltr'>vacui</span> <span class='ocrx_word' id='word_1_266' title='bbox 531 2243 650 2280; x_wconf 90' lang='lat' dir='ltr'>sunt.</span> 
     </span>
    </p>

    <p class='ocr_par' dir='ltr' id='par_1_4' title="bbox 77 2302 1717 2620">
     <span class='ocr_line' id='line_1_31' title="bbox 161 2302 1716 2359; baseline 0.003 -17"><span class='ocrx_word' id='word_1_267' title='bbox 161 2303 223 2343; x_wconf 90' lang='lat'>10.</span> <span class='ocrx_word' id='word_1_268' title='bbox 257 2302 489 2344; x_wconf 89' lang='lat' dir='ltr'>Coeterum</span> <span class='ocrx_word' id='word_1_269' title='bbox 519 2317 599 2344; x_wconf 92' lang='lat' dir='ltr'>nec</span> <span class='ocrx_word' id='word_1_270' title='bbox 628 2305 741 2345; x_wconf 89' lang='lat' dir='ltr'>illud</span> <span class='ocrx_word' id='word_1_271' title='bbox 785 2306 1001 2346; x_wconf 89' lang='lat' dir='ltr'>intactum</span> <span class='ocrx_word' id='word_1_272' title='bbox 1046 2307 1156 2346; x_wconf 89' lang='lat' dir='ltr'>mihi</span> <span class='ocrx_word' id='word_1_273' title='bbox 1196 2306 1538 2359; x_wconf 86' lang='lat' dir='ltr'>relinquendum</span> <span class='ocrx_word' id='word_1_274' title='bbox 1571 2306 1716 2346; x_wconf 86' lang='lat' dir='ltr'>visum</span> 
     </span>
     <span class='ocr_line' id='line_1_32' title="bbox 78 2369 1717 2424; baseline 0.004 -18"><span class='ocrx_word' id='word_1_275' title='bbox 78 2369 159 2415; x_wconf 89' lang='lat' dir='ltr'>est,</span> <span class='ocrx_word' id='word_1_276' title='bbox 191 2369 309 2419; x_wconf 91' lang='lat' dir='ltr'>quod</span> <span class='ocrx_word' id='word_1_277' title='bbox 341 2369 470 2409; x_wconf 90' lang='lat' dir='ltr'>multi</span> <span class='ocrx_word' id='word_1_278' title='bbox 502 2371 594 2410; x_wconf 91' lang='lat' dir='ltr'>tum</span> <span class='ocrx_word' id='word_1_279' title='bbox 625 2382 678 2410; x_wconf 84' lang='lat' dir='ltr'>ex</span> <span class='ocrx_word' id='word_1_280' title='bbox 708 2372 948 2422; x_wconf 78' lang='lat' dir='ltr'>germanis,</span> <span class='ocrx_word' id='word_1_281' title='bbox 982 2374 1076 2412; x_wconf 91' lang='lat' dir='ltr'>tum</span> <span class='ocrx_word' id='word_1_282' title='bbox 1119 2384 1173 2412; x_wconf 85' lang='lat' dir='ltr'>ex</span> <span class='ocrx_word' id='word_1_283' title='bbox 1208 2373 1370 2412; x_wconf 90' lang='lat' dir='ltr'>vicinis</span> <span class='ocrx_word' id='word_1_284' title='bbox 1400 2372 1717 2424; x_wconf 81' lang='lat' dir='ltr'>Lotharingiae</span> 
     </span>
     <span class='ocr_line' id='line_1_33' title="bbox 78 2433 1714 2489; baseline 0.004 -18"><span class='ocrx_word' id='word_1_285' title='bbox 78 2433 400 2481; x_wconf 88' lang='lat' dir='ltr'>sacerdotibus,</span> <span class='ocrx_word' id='word_1_286' title='bbox 431 2435 487 2474; x_wconf 87' lang='lat' dir='ltr'>ad</span> <span class='ocrx_word' id='word_1_287' title='bbox 517 2447 600 2475; x_wconf 89' lang='lat' dir='ltr'>nos</span> <span class='ocrx_word' id='word_1_288' title='bbox 629 2436 939 2484; x_wconf 74' lang='lat' dir='ltr'>confluxerint,</span> <span class='ocrx_word' id='word_1_289' title='bbox 972 2437 1048 2489; x_wconf 84' lang='lat' dir='ltr'>aiij</span> <span class='ocrx_word' id='word_1_290' title='bbox 1081 2438 1134 2477; x_wconf 86' lang='lat' dir='ltr'>de</span> <span class='ocrx_word' id='word_1_291' title='bbox 1163 2438 1359 2486; x_wconf 85' lang='lat' dir='ltr'>casibus,</span> <span class='ocrx_word' id='word_1_292' title='bbox 1391 2450 1504 2489; x_wconf 91' lang='lat' dir='ltr'>quos</span> <span class='ocrx_word' id='word_1_293' title='bbox 1538 2439 1714 2486; x_wconf 84' lang='lat' dir='ltr'>vocant,</span> 
     </span>
     <span class='ocr_line' id='line_1_34' title="bbox 77 2498 1714 2554; baseline 0.004 -18"><span class='ocrx_word' id='word_1_294' title='bbox 77 2498 377 2538; x_wconf 89' lang='lat' dir='ltr'>conscientiae</span> <span class='ocrx_word' id='word_1_295' title='bbox 420 2502 597 2540; x_wconf 85' lang='lat' dir='ltr'>nostros</span> <span class='ocrx_word' id='word_1_296' title='bbox 640 2502 905 2550; x_wconf 85' lang='lat' dir='ltr'>consulturi,</span> <span class='ocrx_word' id='word_1_297' title='bbox 951 2503 1028 2554; x_wconf 86' lang='lat' dir='ltr'>alij</span> <span class='ocrx_word' id='word_1_298' title='bbox 1062 2503 1199 2543; x_wconf 89' lang='lat' dir='ltr'>totius</span> <span class='ocrx_word' id='word_1_299' title='bbox 1237 2503 1355 2543; x_wconf 85' lang='lat' dir='ltr'>vitae</span> <span class='ocrx_word' id='word_1_300' title='bbox 1390 2503 1714 2543; x_wconf 90' lang='lat' dir='ltr'>confessionem</span> 
     </span>
     <span class='ocr_line' id='line_1_35' title="bbox 79 2563 1716 2620; baseline 0.004 -18"><span class='ocrx_word' id='word_1_301' title='bbox 79 2563 367 2613; x_wconf 87' lang='lat' dir='ltr'>patefacturi;</span> <span class='ocrx_word' id='word_1_302' title='bbox 401 2576 481 2604; x_wconf 81' lang='lat' dir='ltr'>nec·</span> <span class='ocrx_word' id='word_1_303' title='bbox 512 2566 599 2605; x_wconf 90' lang='lat' dir='ltr'>rari</span> <span class='ocrx_word' id='word_1_304' title='bbox 629 2566 738 2618; x_wconf 91' lang='lat' dir='ltr'>quid</span> <span class='ocrx_word' id='word_1_305' title='bbox 767 2567 968 2620; x_wconf 87' lang='lat' dir='ltr'>ecclesijs</span> <span class='ocrx_word' id='word_1_306' title='bbox 997 2568 1093 2608; x_wconf 90' lang='lat' dir='ltr'>suis</span> <span class='ocrx_word' id='word_1_307' title='bbox 1122 2569 1362 2619; x_wconf 79' lang='lat' dir='ltr'>expediret,</span> <span class='ocrx_word' id='word_1_308' title='bbox 1400 2568 1605 2620; x_wconf 88' lang='lat' dir='ltr'>petituri;</span> <span class='ocrx_word' id='word_1_309' title='bbox 1638 2569 1716 2620; x_wconf 91' lang='lat' dir='ltr'>qui</span> 
     </span>
    </p>
   </div>
   <div class='ocr_carea' id='block_1_3' title="bbox 97 2721 1716 2819">
    <p class='ocr_par' dir='ltr' id='par_1_5' title="bbox 97 2721 1716 2819">
     <span class='ocr_line' id='line_1_36' title="bbox 139 2721 1716 2771; baseline 0.005 -17"><span class='ocrx_word' id='word_1_310' title='bbox 139 2730 158 2749; x_wconf 85' lang='lat' dir='ltr'>a</span> <span class='ocrx_word' id='word_1_311' title='bbox 177 2721 260 2755; x_wconf 82' lang='lat' dir='ltr'>Del.</span> <span class='ocrx_word' id='word_1_312' title='bbox 286 2723 410 2756; x_wconf 85' lang='lat' dir='ltr'>tamen</span> <span class='ocrx_word' id='word_1_313' title='bbox 434 2724 482 2766; x_wconf 51' lang='grc' dir='ltr'>(ἢ)</span> <span class='ocrx_word' id='word_1_314' title='bbox 507 2744 545 2747; x_wconf 78' lang='lat'>—</span> <span class='ocrx_word' id='word_1_315' title='bbox 570 2725 587 2752; x_wconf 91' lang='lat' dir='ltr'>b</span> <span class='ocrx_word' id='word_1_316' title='bbox 613 2725 782 2759; x_wconf 80' lang='lat' dir='ltr'>Obscure</span> <span class='ocrx_word' id='word_1_317' title='bbox 820 2737 930 2760; x_wconf 70' lang='lat' dir='ltr'>eoeor.</span> <span class='ocrx_word' id='word_1_318' title='bbox 958 2737 994 2760; x_wconf 88' lang='lat' dir='ltr'>v.</span> <span class='ocrx_word' id='word_1_319' title='bbox 1030 2728 1075 2759; x_wconf 75' lang='lat' dir='ltr'>in</span> <span class='ocrx_word' id='word_1_320' title='bbox 1099 2738 1192 2765; x_wconf 81' lang='lat' dir='ltr'>ms.,·</span> <span class='ocrx_word' id='word_1_321' title='bbox 1225 2729 1294 2761; x_wconf 77' lang='lat' dir='ltr'>sed</span> <span class='ocrx_word' id='word_1_322' title='bbox 1326 2730 1488 2762; x_wconf 78' lang='lat' dir='ltr'>videtur</span> <span class='ocrx_word' id='word_1_323' title='bbox 1520 2729 1716 2771; x_wconf 77' lang='lat' dir='ltr'>scriptum</span> 
     </span>
     <span class='ocr_line' id='line_1_37' title="bbox 97 2777 1193 2819; baseline 0.006 -12"><span class='ocrx_word' id='word_1_324' title='bbox 97 2783 194 2808; x_wconf 86' lang='lat' dir='ltr'>coss.</span> <span class='ocrx_word' id='word_1_325' title='bbox 219 2794 259 2797; x_wconf 97' lang='lat'><strong>—</strong></span> <span class='ocrx_word' id='word_1_326' title='bbox 282 2784 297 2803; x_wconf 88' lang='lat' dir='ltr'>c</span> <span class='ocrx_word' id='word_1_327' title='bbox 318 2777 431 2809; x_wconf 89' lang='lat' dir='ltr'>semel</span> <span class='ocrx_word' id='word_1_328' title='bbox 454 2787 582 2819; x_wconf 72' lang='lat' dir='ltr'>supra</span> <span class='ocrx_word' id='word_1_329' title='bbox 605 2787 708 2812; x_wconf 81' lang='lat' dir='ltr'>vers.</span> <span class='ocrx_word' id='word_1_330' title='bbox 734 2798 774 2802; x_wconf 97' lang='lat'><strong>—</strong></span> <span class='ocrx_word' id='word_1_331' title='bbox 797 2780 814 2806; x_wconf 79' lang='lat' dir='ltr'>d</span> <span class='ocrx_word' id='word_1_332' title='bbox 836 2780 920 2814; x_wconf 79' lang='lat' dir='ltr'>Del.</span> <span class='ocrx_word' id='word_1_333' title='bbox 945 2781 1193 2814; x_wconf 87' lang='lat' dir='ltr'>demandatis.</span> 
     </span>
    </p>
   </div>
   <div class='ocr_carea' id='block_1_4' title="bbox 81 2865 237 2872">
    <p class='ocr_par' dir='ltr' id='par_1_6' title="bbox 81 2865 237 2872">
     <span class='ocr_line' id='line_1_38' title="bbox 81 2865 237 2872; baseline 0 0"><span class='ocrx_word' id='word_1_334' title='bbox 81 2865 237 2872; x_wconf 95' lang='lat' dir='ltr'> </span> 
     </span>
    </p>
   </div>
   <div class='ocr_carea' id='block_1_5' title="bbox 240 2867 363 2873">
    <p class='ocr_par' dir='ltr' id='par_1_7' title="bbox 240 2867 363 2873">
     <span class='ocr_line' id='line_1_39' title="bbox 240 2867 363 2873; baseline 0 0"><span class='ocrx_word' id='word_1_335' title='bbox 240 2867 363 2873; x_wconf 95' lang='lat' dir='ltr'> </span> 
     </span>
    </p>
   </div>
   <div class='ocr_carea' id='block_1_6' title="bbox 73 2924 1715 3135">
    <p class='ocr_par' dir='ltr' id='par_1_8' title="bbox 73 2924 1715 3135">
     <span class='ocr_line' id='line_1_40' title="bbox 139 2924 1715 2970; baseline 0.006 -15"><span class='ocrx_word' id='word_1_336' title='bbox 139 2925 149 2943; x_wconf 87' lang='lat'>¹</span> <span class='ocrx_word' id='word_1_337' title='bbox 172 2924 317 2966; x_wconf 88' lang='lat' dir='ltr'>Augias</span> <span class='ocrx_word' id='word_1_338' title='bbox 341 2925 547 2959; x_wconf 87' lang='lat' dir='ltr'>Eliensium</span> <span class='ocrx_word' id='word_1_339' title='bbox 576 2929 632 2960; x_wconf 80' lang='lat' dir='ltr'>vel</span> <span class='ocrx_word' id='word_1_340' title='bbox 656 2929 839 2970; x_wconf 86' lang='lat' dir='ltr'>Epeorum</span> <span class='ocrx_word' id='word_1_341' title='bbox 875 2940 938 2963; x_wconf 83' lang='lat' dir='ltr'>rex</span> <span class='ocrx_word' id='word_1_342' title='bbox 961 2931 1088 2964; x_wconf 87' lang='lat' dir='ltr'>bubile</span> <span class='ocrx_word' id='word_1_343' title='bbox 1111 2932 1252 2964; x_wconf 83' lang='lat' dir='ltr'>dicitur</span> <span class='ocrx_word' id='word_1_344' title='bbox 1286 2932 1481 2964; x_wconf 83' lang='lat' dir='ltr'>habuisse</span> <span class='ocrx_word' id='word_1_345' title='bbox 1502 2933 1577 2965; x_wconf 88' lang='lat' dir='ltr'>tria</span> <span class='ocrx_word' id='word_1_346' title='bbox 1610 2933 1715 2966; x_wconf 88' lang='lat' dir='ltr'>milia</span> 
     </span>
     <span class='ocr_line' id='line_1_41' title="bbox 76 2975 1715 3027; baseline 0.007 -19"><span class='ocrx_word' id='word_1_347' title='bbox 76 2975 188 3009; x_wconf 86' lang='lat' dir='ltr'>boum</span> <span class='ocrx_word' id='word_1_348' title='bbox 211 2978 386 3019; x_wconf 86' lang='lat' dir='ltr'>capiens:</span> <span class='ocrx_word' id='word_1_349' title='bbox 411 2980 510 3021; x_wconf 88' lang='lat' dir='ltr'>quod</span> <span class='ocrx_word' id='word_1_350' title='bbox 534 2990 618 3013; x_wconf 88' lang='lat' dir='ltr'>cum</span> <span class='ocrx_word' id='word_1_351' title='bbox 642 2991 706 3023; x_wconf 92' lang='lat' dir='ltr'>per</span> <span class='ocrx_word' id='word_1_352' title='bbox 728 2983 888 3024; x_wconf 84' lang='lat' dir='ltr'>triginta</span> <span class='ocrx_word' id='word_1_353' title='bbox 911 2994 1030 3017; x_wconf 88' lang='lat' dir='ltr'>annos</span> <span class='ocrx_word' id='word_1_354' title='bbox 1053 2986 1301 3027; x_wconf 82' lang='lat' dir='ltr'>expurgatum</span> <span class='ocrx_word' id='word_1_355' title='bbox 1337 2995 1410 3017; x_wconf 91' lang='lat' dir='ltr'>non</span> <span class='ocrx_word' id='word_1_356' title='bbox 1434 2985 1580 3025; x_wconf 86' lang='lat' dir='ltr'>fuisset,</span> <span class='ocrx_word' id='word_1_357' title='bbox 1608 2986 1715 3020; x_wconf 85' lang='lat' dir='ltr'>foedo</span> 
     </span>
     <span class='ocr_line' id='line_1_42' title="bbox 77 3030 1715 3080; baseline 0.007 -18"><span class='ocrx_word' id='word_1_358' title='bbox 77 3030 153 3062; x_wconf 85' lang='lat' dir='ltr'>tam</span> <span class='ocrx_word' id='word_1_359' title='bbox 176 3031 242 3064; x_wconf 85' lang='lat' dir='ltr'>alti</span> <span class='ocrx_word' id='word_1_360' title='bbox 267 3033 435 3073; x_wconf 83' lang='lat' dir='ltr'>congesti</span> <span class='ocrx_word' id='word_1_361' title='bbox 459 3034 634 3067; x_wconf 90' lang='lat' dir='ltr'>stercoris</span> <span class='ocrx_word' id='word_1_362' title='bbox 658 3035 768 3068; x_wconf 89' lang='lat' dir='ltr'>odore</span> <span class='ocrx_word' id='word_1_363' title='bbox 791 3037 936 3079; x_wconf 85' lang='lat' dir='ltr'>regioni</span> <span class='ocrx_word' id='word_1_364' title='bbox 953 3039 1207 3080; x_wconf 84' lang='lat' dir='ltr'>pestilentiam</span> <span class='ocrx_word' id='word_1_365' title='bbox 1236 3040 1429 3072; x_wconf 75' lang='lat' dir='ltr'>inferebat.</span> <span class='ocrx_word' id='word_1_366' title='bbox 1456 3039 1560 3080; x_wconf 85' lang='lat' dir='ltr'>Quod</span> <span class='ocrx_word' id='word_1_367' title='bbox 1577 3040 1715 3074; x_wconf 89' lang='lat' dir='ltr'>Hercu-</span> 
     </span>
     <span class='ocr_line' id='line_1_43' title="bbox 73 3083 1711 3135; baseline 0.007 -19"><span class='ocrx_word' id='word_1_368' title='bbox 73 3083 138 3125; x_wconf 69' lang='lat' dir='ltr'>lea,</span> <span class='ocrx_word' id='word_1_369' title='bbox 154 3085 321 3119; x_wconf 91' lang='lat' dir='ltr'>immisso</span> <span class='ocrx_word' id='word_1_370' title='bbox 337 3086 479 3129; x_wconf 84' lang='lat' dir='ltr'>Alpheo</span> <span class='ocrx_word' id='word_1_371' title='bbox 496 3088 552 3120; x_wconf 82' lang='lat' dir='ltr'>vel</span> <span class='ocrx_word' id='word_1_372' title='bbox 571 3088 690 3122; x_wconf 89' lang='lat' dir='ltr'>Peneo</span> <span class='ocrx_word' id='word_1_373' title='bbox 706 3089 834 3131; x_wconf 86' lang='lat' dir='ltr'>fluvio,</span> <span class='ocrx_word' id='word_1_374' title='bbox 853 3093 1040 3134; x_wconf 83' lang='lat' dir='ltr'>purgavit.</span> <span class='ocrx_word' id='word_1_375' title='bbox 1061 3092 1114 3126; x_wconf 88' lang='lat' dir='ltr'>Cf.</span> <span class='ocrx_word' id='word_1_376' title='bbox 1133 3093 1265 3126; x_wconf 69' lang='lat' dir='ltr'>Pmm:</span> <span class='ocrx_word' id='word_1_377' title='bbox 1289 3094 1578 3135; x_wconf 80' lang='lat' dir='ltr'>Onomasticon‚</span> <span class='ocrx_word' id='word_1_378' title='bbox 1592 3095 1620 3135; x_wconf 94' lang='lat' dir='ltr'>I,</span> <span class='ocrx_word' id='word_1_379' title='bbox 1638 3096 1711 3129; x_wconf 71' lang='lat'>212.</span> 
     </span>
    </p>
   </div>
  </div>
 </body>
</html>
