2028 3531
350 260 413 295 192
818 264 1021 301 Lirri-:RAE
1057 266 1403 310 QUADRlMESTREs

294 380 472 418 strenue
510 384 846 430 argumentatus
883 386 962 430 est,
987 396 1085 424 cum
1128 397 1286 435 magno
1325 384 1565 424 astantium
1610 385 1806 426 uirorum
1843 400 1917 438 ap-

296 442 469 492 plausu.
504 444 596 484 Hoc
618 445 704 485 iam
729 447 922 497 proxime
956 449 1106 499 elapso
1127 449 1490 500 quadragesimae
1520 451 1713 500 tempore
1738 451 1915 491 habitae

295 510 400 547 sunt
429 509 626 558 quotidie
658 510 700 549 in
725 514 874 552 nostro
903 514 1068 564 templo
1097 514 1357 560 conciones;
1381 513 1538 553 diebus
1560 526 1665 554 uero
1687 516 1810 555 festis
1828 528 1915 556 non

297 572 439 611 solum
486 573 531 612 in
574 575 926 627 quadragesima,
964 579 1038 617 sed
1088 578 1219 617 etiam
1257 580 1351 629 post
1385 579 1561 628 pascha,
1598 581 1640 619 et
1683 580 1918 621 conciones

297 639 398 676 ante
430 638 663 688 prandium
696 640 927 687 habentur,
951 645 989 682 et
1016 643 1330 693 pomeridianis
1352 643 1473 682 horis
1496 644 1762 694 praelegitur
1790 645 1918 685 lectio

296 702 444 742 decem
489 707 833 755 praeceptorum.
869 708 1079 758 Impletur
1122 710 1267 747 autem
1309 710 1507 747 nostrum
1548 709 1761 759 templum
1796 713 1918 750 tanta

298 766 528 807 hominum
574 769 874 817 multitudine,
905 775 1116 823 quantam
1161 785 1249 811 non
1283 775 1423 823 potest
1467 773 1708 824 aliquando
1739 787 1915 826 capere;

296 834 337 871 et
384 832 604 872 interdum
649 838 869 886 coguntur
912 837 1109 888 plerique
1153 849 1255 888 prae
1299 838 1382 877 loci
1428 838 1611 888 penuria
1669 839 1915 887 discedere3

296 897 406 936 adeo
436 899 483 936 ut
514 898 640 938 multi
685 899 935 940 desiderent
978 903 1166 941 maxime
1195 903 1346 953 augeri
1386 903 1613 953 templum,
1644 916 1731 954 quo
1761 904 1817 943 sit
1851 916 1919 944 ca-

297 961 465 1012 pacius,
499 963 676 1002 Praeter
703 966 849 1004 autem
879 966 1034 1005 solitas
1066 966 1107 1005 in
1141 967 1304 1017 templo
1335 969 1486 1006 nostro
1515 968 1763 1013 conciones,
1786 969 1914 1008 etiam

296 1026 403 1065 alibi
447 1028 777 1076 concionamur,
810 1042 898 1069 non
941 1031 1037 1070 sine
1082 1032 1225 1071 fructu
1269 1034 1310 1071 et
1344 1032 1533 1071 utilitate
1572 1032 1838 1082 animarum,
1872 1039 1917 1074 ut

295 1102 540 1141 speramus.
587 1092 744 1132 Noster
785 1097 930 1134 autem
981 1096 1027 1135 P.
1077 1097 1273 1135 Rector1
1310 1096 1529 1147 profectus
1571 1099 1636 1136 est
1682 1110 1822 1148 nuper
1863 1099 1916 1137 ad

296 1156 468 1195 uicinas
511 1158 679 1208 aliquot
725 1160 868 1207 urbes,
903 1161 976 1199 ubi
1022 1161 1238 1201 nobilium
1273 1162 1468 1201 uirorum
1513 1163 1814 1203 confessiones
1843 1176 1918 1203 au-

295 1220 424 1269 diuit,
456 1224 497 1261 et
526 1223 912 1264 exhortationibus
942 1237 1050 1265 usus
1070 1228 1135 1265 est
1165 1227 1489 1276 spirimalihus.
1515 1228 1650 1266 Porro
1685 1228 1739 1267 ad
1770 1240 1918 1268 sacras

293 1287 594 1326 confessiones
623 1289 872 1339 creberrimj
906 1291 1133 1334 accedunt,
1165 1294 1205 1330 et
1237 1293 1323 1330 t'ere
1345 1303 1516 1342 semper
1545 1292 1650 1332 noui
1676 1293 1913 1333 adduntur.

296 1350 347 1390 Et
391 1352 581 1391 maxima
625 1352 822 1393 ciuitatis
851 1362 866 1379 a
899 1366 999 1405 pars
1030 1355 1074 1394 in
1106 1356 1461 1396 confessionibus
1504 1359 1679 1397 nostros
1731 1358 1916 1399 mauult.

294 1428 427 1466 quam
457 1416 570 1456 alios
614 1418 867 1468 religiosos:
902 1420 989 1458 imo
1019 1420 1095 1459 alii
1127 1421 1375 1460 sacerdotes
1409 1422 1598 1461 aliarum
1633 1422 1914 1473 religionum,

295 1480 331 1519 si
362 1481 469 1531 quid
500 1481 605 1521 insit
635 1482 925 1527 difficultatis,
957 1484 1011 1523 ad
1042 1487 1216 1524 nostros
1249 1486 1466 1525 remittere
1495 1486 1639 1526 solent
1659 1488 1917 1526 confitentes

295 1557 415 1585 suos.
450 1547 569 1586 Inter
597 1559 672 1586 eos
701 1551 863 1595 autem,
895 1549 971 1599 qui
1001 1550 1191 1589 confessi
1222 1552 1321 1589 sunt
1358 1553 1531 1601 peccata
1561 1563 1641 1591 sua
1671 1552 1787 1602 apud
1819 1564 1914 1596 nos,

297 1611 387 1650 duo
431 1611 624 1655 fuerunt,
674 1613 749 1663 qui
795 1613 894 1652 licet
937 1617 1078 1653 aetate
1123 1615 1208 1654 iam
1253 1618 1399 1655 essent
1443 1617 1655 1666 prouecti,
1687 1629 1916 1667 nunquam

294 1678 441 1716 tamen
472 1688 611 1728 usque
641 1678 693 1716 ad
734 1678 778 1717 id
811 1679 1019 1729 temporis
1050 1682 1323 1730 peccatorum
1356 1681 1548 1720 fecerant
1576 1681 1913 1721 confessionem.

294 1741 373 1781 Sed
407 1744 449 1781 et
477 1744 565 1781 tres
588 1743 656 1781 uel
686 1745 877 1793 quatuor
899 1745 1161 1793 meretrices,
1183 1757 1295 1795 quae
1327 1746 1534 1785 Patribus
1563 1746 1702 1785 nostri
1740 1747 1913 1798 collegij

292 1806 605 1846 conscientiam
651 1819 777 1847 suam
821 1820 996 1847 omnem
1041 1812 1323 1859 aperuerunt,
1369 1811 1421 1849 ad
1467 1811 1686 1850 saniorem
1732 1811 1914 1850 uiuendi

293 1871 471 1911 modum
503 1883 598 1911 sese
630 1875 899 1923 receperunt,
923 1886 946 1912 a
972 1874 1160 1923 peccatis
1190 1875 1350 1914 dehinc
1385 1878 1663 1915 remouentes
1702 1888 1747 1915 se
1779 1876 1913 1927 ipsas,

292 1937 456 1987 quibus
486 1940 612 1976 antea
645 1938 833 1977 maxime
868 1939 1040 1978 deditae
1069 1942 1206 1978 erant.

371 2003 409 2041 ⁰2.
443 2001 526 2042 Sed
558 2003 669 2042 illud
691 2005 806 2042 certe
838 2015 926 2042 non
947 2006 1013 2042 est
1054 2004 1408 2055 relinquendum,
1445 2006 1562 2056 quod
1593 2018 1724 2056 opera
1746 2008 1916 2045 nostro-

293 2079 388 2106 rum
414 2068 594 2106 Patrum
625 2068 841 2118 quaedam
873 2068 1039 2107 nobilis
1071 2069 1242 2116 mulier,
1283 2082 1395 2120 quae
1429 2082 1527 2109 cum
1560 2070 1724 2109 nostris
1745 2082 1916 2121 semper

291 2132 492 2171 confessa
522 2134 600 2174 est.
634 2144 797 2172 nouum
822 2133 1040 2183 quoddam
1064 2136 1316 2173 sanctarum
1340 2135 1572 2174 mulierum
1600 2135 1914 2175 monasterium

292 2196 485 2236 instituit
503 2197 746 2236 secundum
783 2197 979 2247 regulam
1010 2197 1051 2237 S.
1075 2197 1240 2237 Clarae.
1264 2199 1347 2237 Pro
1369 2199 1588 2250 principio
1609 2202 1755 2239 autem
1779 2200 1915 2239 huius

292 2261 564 2311 monasterij,
597 2273 649 2300 ex
679 2261 831 2300 multis
877 2261 1144 2312 uirginibus.
1176 2275 1288 2313 quae
1332 2276 1429 2302 cum
1474 2265 1639 2303 nostris
1670 2265 1715 2303 in
1764 2267 1914 2303 nostro

291 2326 454 2376 templo
486 2338 560 2376 per
590 2326 753 2365 multos
783 2327 868 2365 iam
900 2338 1043 2365 annos
1081 2327 1278 2366 confiteri
1314 2328 1470 2368 solitae
1499 2332 1617 2374 sunt,
1652 2332 1693 2368 et
1723 2329 1914 2379 singulis

290 2391 644 2431 hebdomabibus
673 2391 1000 2430 sanctissimam
1043 2392 1355 2432 eucharistiam
1400 2405 1586 2433 sumere.
1619 2394 1780 2433 electae
1810 2397 1913 2433 sunt

290 2458 403 2502 octo,
435 2468 547 2507 quae
580 2456 695 2495 uitae
737 2468 859 2500 suae,
893 2468 1165 2507 magnaeque
1209 2458 1458 2497 sanctitatis
1502 2458 1665 2497 indicia
1704 2458 1913 2498 dederant

291 2521 421 2560 nobis
468 2520 769 2571 apertissima3
802 2533 915 2571 quae
944 2532 1043 2560 cum
1075 2521 1160 2560 iam
1192 2534 1214 2560 a
1247 2522 1399 2561 multis
1429 2523 1560 2562 annis
1589 2522 1912 2562 desiderassent

291 2585 426 2636 incipi
459 2586 541 2625 hoc
571 2586 902 2628 monasterium,
934 2587 974 2624 et
1008 2585 1053 2624 in
1097 2585 1204 2625 illud
1238 2587 1427 2634 admitti,
1460 2599 1577 2627 nunc
1612 2587 1788 2627 tandem
1821 2588 1912 2626 uoti

290 2652 514 2700 compotes
542 2650 735 2699 effectae,
769 2649 902 2689 simul
947 2652 1237 2700 congregatae
1266 2651 1645 2702 communiterque
1677 2651 1813 2691 uitam
1843 2651 1913 2690 de-

291 2716 424 2764 gunt;
458 2714 634 2765 iamque
664 2715 808 2754 bonus
838 2714 948 2754 odor
976 2716 1016 2753 et
1049 2714 1182 2753 huius
1218 2715 1277 2753 rei
1310 2717 1440 2758 fama.
1476 2728 1550 2766 per
1578 2716 1802 2755 ciuitatem
1832 2716 1913 2755 (111·-

351 2886 368 2903 a
391 2877 547 2910 Emencl.
576 2887 624 2909 er
645 2878 880 2910 ciuitatibus.

354 3038 361 3054 ¹
388 3036 542 3068 Videtur
564 3037 679 3069 fuisse
702 3037 740 3069 P.
765 3037 922 3069 Ioannes
946 3036 1140 3077 Philippus
1162 3036 1301 3069 Casini.
