<?xml version="1.0" encoding="UTF-8"?>
<!DOCTYPE html PUBLIC "-//W3C//DTD XHTML 1.0 Transitional//EN"
    "http://www.w3.org/TR/xhtml1/DTD/xhtml1-transitional.dtd">
<html xmlns="http://www.w3.org/1999/xhtml" xml:lang="en" lang="en">
 <head>
  <title>
</title>
<meta http-equiv="Content-Type" content="text/html;charset=utf-8" />
  <meta name='ocr-system' content='tesseract 3.04.00' />
  <meta name='ocr-capabilities' content='ocr_page ocr_carea ocr_par ocr_line ocrx_word'/>
</head>
<body>
  <div class='ocr_page' id='page_1' title='image "./litteraequadrime1907lain_0554.png"; bbox 0 0 2028 3531; ppageno 0'>
   <div class='ocr_carea' id='block_1_1' title="bbox 350 286 1470 332">
    <p class='ocr_par' dir='ltr' id='par_1_1' title="bbox 350 286 1470 332">
     <span class='ocr_line' id='line_1_1' title="bbox 350 286 1470 332; baseline -0.001 -9"><span class='ocrx_word' id='word_1_1' title='bbox 350 286 419 323; x_wconf 67' lang='lat'>5028</span> <span class='ocrx_word' id='word_1_2' title='bbox 890 288 1092 325; x_wconf 71' lang='lat' dir='ltr'>hrr&#39;rssnAss</span> <span class='ocrx_word' id='word_1_3' title='bbox 1126 287 1470 332; x_wconf 63' lang='lat' dir='ltr'>anmmmsmas</span> 
     </span>
    </p>
   </div>
   <div class='ocr_carea' id='block_1_2' title="bbox 300 405 1924 2268">
    <p class='ocr_par' dir='ltr' id='par_1_2' title="bbox 301 405 1923 964">
     <span class='ocr_line' id='line_1_2' title="bbox 306 405 1918 457; baseline -0.001 -12"><span class='ocrx_word' id='word_1_4' title='bbox 306 406 588 454; x_wconf 79' lang='lat' dir='ltr'>monialibus,</span> <span class='ocrx_word' id='word_1_5' title='bbox 620 407 784 457; x_wconf 87' lang='lat' dir='ltr'>quibus</span> <span class='ocrx_word' id='word_1_6' title='bbox 808 407 934 457; x_wconf 85' lang='lat' dir='ltr'>juxta</span> <span class='ocrx_word' id='word_1_7' title='bbox 965 405 1305 446; x_wconf 73' lang='lat' dir='ltr'>constitutiones</span> <span class='ocrx_word' id='word_1_8' title='bbox 1336 406 1510 444; x_wconf 89' lang='lat' dir='ltr'>nostras</span> <span class='ocrx_word' id='word_1_9' title='bbox 1539 405 1809 445; x_wconf 90' lang='lat' dir='ltr'>subuentum</span> <span class='ocrx_word' id='word_1_10' title='bbox 1839 407 1918 445; x_wconf 89' lang='lat' dir='ltr'>est.</span> 
     </span>
     <span class='ocr_line' id='line_1_3' title="bbox 306 468 1922 520; baseline -0.001 -11"><span class='ocrx_word' id='word_1_11' title='bbox 306 470 470 510; x_wconf 90' lang='lat' dir='ltr'>Horum</span> <span class='ocrx_word' id='word_1_12' title='bbox 515 471 712 510; x_wconf 90' lang='lat' dir='ltr'>omnium</span> <span class='ocrx_word' id='word_1_13' title='bbox 758 483 933 510; x_wconf 86' lang='lat' dir='ltr'>causam</span> <span class='ocrx_word' id='word_1_14' title='bbox 981 471 1116 509; x_wconf 77' lang='lat' dir='ltr'>fuisse</span> <span class='ocrx_word' id='word_1_15' title='bbox 1163 469 1383 508; x_wconf 83' lang='lat' dir='ltr'>credimus</span> <span class='ocrx_word' id='word_1_16' title='bbox 1426 468 1661 508; x_wconf 81' lang='lat' dir='ltr'>conciones</span> <span class='ocrx_word' id='word_1_17' title='bbox 1707 469 1922 520; x_wconf 89' lang='lat' dir='ltr'>quasdam</span> 
     </span>
     <span class='ocr_line' id='line_1_4' title="bbox 305 533 1923 585; baseline -0.001 -11"><span class='ocrx_word' id='word_1_18' title='bbox 305 536 496 574; x_wconf 85' lang='lat' dir='ltr'>maximo</span> <span class='ocrx_word' id='word_1_19' title='bbox 538 547 635 575; x_wconf 90' lang='lat' dir='ltr'>cum</span> <span class='ocrx_word' id='word_1_20' title='bbox 687 536 856 575; x_wconf 82' lang='lat' dir='ltr'>feruore</span> <span class='ocrx_word' id='word_1_21' title='bbox 898 548 947 574; x_wconf 88' lang='lat' dir='ltr'>ac</span> <span class='ocrx_word' id='word_1_22' title='bbox 990 535 1145 585; x_wconf 79' lang='lat' dir='ltr'>spiritu</span> <span class='ocrx_word' id='word_1_23' title='bbox 1179 533 1414 572; x_wconf 80' lang='lat' dir='ltr'>abeodem</span> <span class='ocrx_word' id='word_1_24' title='bbox 1459 533 1634 572; x_wconf 85' lang='lat' dir='ltr'>habitas</span> <span class='ocrx_word' id='word_1_25' title='bbox 1664 533 1708 572; x_wconf 90' lang='lat' dir='ltr'>in</span> <span class='ocrx_word' id='word_1_26' title='bbox 1739 533 1923 573; x_wconf 86' lang='lat' dir='ltr'>ecclesia</span> 
     </span>
     <span class='ocr_line' id='line_1_5' title="bbox 304 597 1923 650; baseline -0.001 -11"><span class='ocrx_word' id='word_1_27' title='bbox 304 600 501 650; x_wconf 78' lang='lat' dir='ltr'>principe</span> <span class='ocrx_word' id='word_1_28' title='bbox 529 603 571 639; x_wconf 88' lang='lat' dir='ltr'>et</span> <span class='ocrx_word' id='word_1_29' title='bbox 599 600 701 650; x_wconf 84' lang='lat' dir='ltr'>alijs</span> <span class='ocrx_word' id='word_1_30' title='bbox 730 600 925 639; x_wconf 83' lang='lat' dir='ltr'>ciuitatis</span> <span class='ocrx_word' id='word_1_31' title='bbox 957 600 1110 649; x_wconf 86' lang='lat' dir='ltr'>hujus:</span> <span class='ocrx_word' id='word_1_32' title='bbox 1134 599 1297 649; x_wconf 85' lang='lat' dir='ltr'>quibus</span> <span class='ocrx_word' id='word_1_33' title='bbox 1327 598 1379 636; x_wconf 89' lang='lat' dir='ltr'>ad</span> <span class='ocrx_word' id='word_1_34' title='bbox 1411 597 1581 637; x_wconf 88' lang='lat' dir='ltr'>diuinis</span> <span class='ocrx_word' id='word_1_35' title='bbox 1612 598 1741 637; x_wconf 88' lang='lat' dir='ltr'>rebus</span> <span class='ocrx_word' id='word_1_36' title='bbox 1766 609 1923 637; x_wconf 87' lang='lat' dir='ltr'>vacan-</span> 
     </span>
     <span class='ocr_line' id='line_1_6' title="bbox 301 662 1922 713; baseline -0.001 -9"><span class='ocrx_word' id='word_1_37' title='bbox 301 665 405 705; x_wconf 90' lang='lat' dir='ltr'>dum</span> <span class='ocrx_word' id='word_1_38' title='bbox 439 665 563 704; x_wconf 84' lang='lat' dir='ltr'>valde</span> <span class='ocrx_word' id='word_1_39' title='bbox 592 665 775 704; x_wconf 86' lang='lat' dir='ltr'>animati</span> <span class='ocrx_word' id='word_1_40' title='bbox 808 665 984 704; x_wconf 83' lang='lat' dir='ltr'>fuerunt</span> <span class='ocrx_word' id='word_1_41' title='bbox 1014 677 1180 706; x_wconf 73' lang='lat' dir='ltr'>omnes.</span> <span class='ocrx_word' id='word_1_42' title='bbox 1204 666 1336 713; x_wconf 87' lang='lat' dir='ltr'>atque</span> <span class='ocrx_word' id='word_1_43' title='bbox 1366 662 1526 702; x_wconf 90' lang='lat' dir='ltr'>solatio</span> <span class='ocrx_word' id='word_1_44' title='bbox 1555 663 1715 703; x_wconf 84' lang='lat' dir='ltr'>affecti.</span> <span class='ocrx_word' id='word_1_45' title='bbox 1741 663 1808 703; x_wconf 90' lang='lat' dir='ltr'>Ad</span> <span class='ocrx_word' id='word_1_46' title='bbox 1840 664 1922 703; x_wconf 91' lang='lat' dir='ltr'>hoc</span> 
     </span>
     <span class='ocr_line' id='line_1_7' title="bbox 302 727 1921 779; baseline -0.001 -10"><span class='ocrx_word' id='word_1_47' title='bbox 302 730 594 769; x_wconf 88' lang='lat' dir='ltr'>concionandi</span> <span class='ocrx_word' id='word_1_48' title='bbox 640 742 816 774; x_wconf 80' lang='lat' dir='ltr'>munus,</span> <span class='ocrx_word' id='word_1_49' title='bbox 863 729 906 768; x_wconf 91' lang='lat' dir='ltr'>in</span> <span class='ocrx_word' id='word_1_50' title='bbox 953 742 1111 778; x_wconf 78' lang='lat' dir='ltr'>magno</span> <span class='ocrx_word' id='word_1_51' title='bbox 1154 728 1346 779; x_wconf 85' lang='lat' dir='ltr'>quodam</span> <span class='ocrx_word' id='word_1_52' title='bbox 1389 727 1553 778; x_wconf 86' lang='lat' dir='ltr'>oppido</span> <span class='ocrx_word' id='word_1_53' title='bbox 1585 728 1713 767; x_wconf 89' lang='lat' dir='ltr'>Pater</span> <span class='ocrx_word' id='word_1_54' title='bbox 1741 728 1921 779; x_wconf 88' lang='lat' dir='ltr'>quidam</span> 
     </span>
     <span class='ocr_line' id='line_1_8' title="bbox 302 792 1920 845; baseline -0.001 -11"><span class='ocrx_word' id='word_1_55' title='bbox 302 795 413 834; x_wconf 83' lang='lat' dir='ltr'>alter</span> <span class='ocrx_word' id='word_1_56' title='bbox 455 794 617 845; x_wconf 88' lang='lat' dir='ltr'>petitus</span> <span class='ocrx_word' id='word_1_57' title='bbox 661 795 757 838; x_wconf 80' lang='lat' dir='ltr'>tuit,</span> <span class='ocrx_word' id='word_1_58' title='bbox 793 794 861 833; x_wconf 86' lang='lat' dir='ltr'>vbi</span> <span class='ocrx_word' id='word_1_59' title='bbox 895 806 982 833; x_wconf 90' lang='lat' dir='ltr'>non</span> <span class='ocrx_word' id='word_1_60' title='bbox 1015 806 1166 844; x_wconf 84' lang='lat' dir='ltr'>parum</span> <span class='ocrx_word' id='word_1_61' title='bbox 1210 793 1304 832; x_wconf 91' lang='lat' dir='ltr'>suis</span> <span class='ocrx_word' id='word_1_62' title='bbox 1347 792 1637 832; x_wconf 82' lang='lat' dir='ltr'>concionibus</span> <span class='ocrx_word' id='word_1_63' title='bbox 1680 793 1920 842; x_wconf 76' lang='lat' dir='ltr'>satisfecit3</span> 
     </span>
     <span class='ocr_line' id='line_1_9' title="bbox 303 857 1922 908; baseline -0.001 -10"><span class='ocrx_word' id='word_1_64' title='bbox 303 859 541 899; x_wconf 88' lang='lat' dir='ltr'>multorum</span> <span class='ocrx_word' id='word_1_65' title='bbox 585 859 701 898; x_wconf 90' lang='lat' dir='ltr'>enim</span> <span class='ocrx_word' id='word_1_66' title='bbox 746 859 883 898; x_wconf 83' lang='lat' dir='ltr'>animi</span> <span class='ocrx_word' id='word_1_67' title='bbox 914 859 965 898; x_wconf 87' lang='lat' dir='ltr'>ad</span> <span class='ocrx_word' id='word_1_68' title='bbox 998 858 1298 897; x_wconf 82' lang='lat' dir='ltr'>confessiones</span> <span class='ocrx_word' id='word_1_69' title='bbox 1327 859 1368 896; x_wconf 90' lang='lat' dir='ltr'>et</span> <span class='ocrx_word' id='word_1_70' title='bbox 1399 857 1540 908; x_wconf 91' lang='lat' dir='ltr'>magis</span> <span class='ocrx_word' id='word_1_71' title='bbox 1581 857 1650 908; x_wconf 89' lang='lat' dir='ltr'>pie</span> <span class='ocrx_word' id='word_1_72' title='bbox 1680 857 1922 898; x_wconf 89' lang='lat' dir='ltr'>uiuendum</span> 
     </span>
     <span class='ocr_line' id='line_1_10' title="bbox 303 924 557 964; baseline -0.004 0"><span class='ocrx_word' id='word_1_73' title='bbox 303 924 409 964; x_wconf 89' lang='lat' dir='ltr'>moti</span> <span class='ocrx_word' id='word_1_74' title='bbox 440 926 557 963; x_wconf 90' lang='lat' dir='ltr'>sunt.</span> 
     </span>
    </p>

    <p class='ocr_par' dir='ltr' id='par_1_3' title="bbox 300 987 1924 1750">
     <span class='ocr_line' id='line_1_11' title="bbox 379 987 1922 1038; baseline 0 -10"><span class='ocrx_word' id='word_1_75' title='bbox 379 989 417 1029; x_wconf 85' lang='lat'>3.</span> <span class='ocrx_word' id='word_1_76' title='bbox 448 987 711 1028; x_wconf 85' lang='lat' dir='ltr'>Occasiones</span> <span class='ocrx_word' id='word_1_77' title='bbox 742 988 1005 1027; x_wconf 87' lang='lat' dir='ltr'>resarciendi</span> <span class='ocrx_word' id='word_1_78' title='bbox 1037 988 1254 1027; x_wconf 75' lang='lat' dir='ltr'>amicitias</span> <span class='ocrx_word' id='word_1_79' title='bbox 1290 999 1378 1027; x_wconf 90' lang='lat' dir='ltr'>non</span> <span class='ocrx_word' id='word_1_80' title='bbox 1422 987 1622 1028; x_wconf 88' lang='lat' dir='ltr'>defuere:</span> <span class='ocrx_word' id='word_1_81' title='bbox 1654 987 1922 1038; x_wconf 88' lang='lat' dir='ltr'>quibusdam</span> 
     </span>
     <span class='ocr_line' id='line_1_12' title="bbox 303 1052 1920 1104; baseline 0 -12"><span class='ocrx_word' id='word_1_82' title='bbox 303 1065 479 1103; x_wconf 83' lang='lat' dir='ltr'>nanque</span> <span class='ocrx_word' id='word_1_83' title='bbox 521 1065 574 1092; x_wconf 82' lang='lat' dir='ltr'>ex</span> <span class='ocrx_word' id='word_1_84' title='bbox 616 1053 780 1104; x_wconf 84' lang='lat' dir='ltr'>quibus</span> <span class='ocrx_word' id='word_1_85' title='bbox 822 1053 957 1103; x_wconf 83' lang='lat' dir='ltr'>hujus</span> <span class='ocrx_word' id='word_1_86' title='bbox 1000 1053 1195 1093; x_wconf 78' lang='lat' dir='ltr'>ciuitatis</span> <span class='ocrx_word' id='word_1_87' title='bbox 1239 1052 1398 1104; x_wconf 85' lang='lat' dir='ltr'>qui[es]</span> <span class='ocrx_word' id='word_1_88' title='bbox 1438 1054 1480 1092; x_wconf 91' lang='lat' dir='ltr'>et</span> <span class='ocrx_word' id='word_1_89' title='bbox 1523 1053 1645 1092; x_wconf 90' lang='lat' dir='ltr'>salus</span> <span class='ocrx_word' id='word_1_90' title='bbox 1688 1052 1920 1104; x_wconf 78' lang='lat' dir='ltr'>pendebat,</span> 
     </span>
     <span class='ocr_line' id='line_1_13' title="bbox 302 1117 1920 1168; baseline 0 -11"><span class='ocrx_word' id='word_1_91' title='bbox 302 1118 420 1168; x_wconf 88' lang='lat' dir='ltr'>quod</span> <span class='ocrx_word' id='word_1_92' title='bbox 450 1118 565 1157; x_wconf 87' lang='lat' dir='ltr'>inter</span> <span class='ocrx_word' id='word_1_93' title='bbox 594 1118 765 1157; x_wconf 86' lang='lat' dir='ltr'>nobiles</span> <span class='ocrx_word' id='word_1_94' title='bbox 795 1120 956 1163; x_wconf 78' lang='lat' dir='ltr'>essent,</span> <span class='ocrx_word' id='word_1_95' title='bbox 989 1118 1057 1157; x_wconf 87' lang='lat' dir='ltr'>Pr.</span> <span class='ocrx_word' id='word_1_96' title='bbox 1106 1118 1264 1157; x_wconf 84' lang='lat' dir='ltr'>Rector</span> <span class='ocrx_word' id='word_1_97' title='bbox 1305 1129 1482 1168; x_wconf 82' lang='lat' dir='ltr'>operam</span> <span class='ocrx_word' id='word_1_98' title='bbox 1527 1129 1652 1157; x_wconf 89' lang='lat' dir='ltr'>suam</span> <span class='ocrx_word' id='word_1_99' title='bbox 1687 1117 1920 1168; x_wconf 84' lang='lat' dir='ltr'>praestitit,</span> 
     </span>
     <span class='ocr_line' id='line_1_14' title="bbox 301 1182 1924 1233; baseline 0 -12"><span class='ocrx_word' id='word_1_100' title='bbox 301 1185 343 1221; x_wconf 88' lang='lat' dir='ltr'>et</span> <span class='ocrx_word' id='word_1_101' title='bbox 372 1194 446 1222; x_wconf 92' lang='lat' dir='ltr'>eas</span> <span class='ocrx_word' id='word_1_102' title='bbox 476 1182 598 1222; x_wconf 87' lang='lat' dir='ltr'>breui</span> <span class='ocrx_word' id='word_1_103' title='bbox 629 1182 830 1222; x_wconf 78' lang='lat' dir='ltr'>confecit.</span> <span class='ocrx_word' id='word_1_104' title='bbox 864 1182 990 1221; x_wconf 86' lang='lat' dir='ltr'>Aliae</span> <span class='ocrx_word' id='word_1_105' title='bbox 1022 1185 1242 1233; x_wconf 89' lang='lat' dir='ltr'>praeterea</span> <span class='ocrx_word' id='word_1_106' title='bbox 1272 1182 1445 1221; x_wconf 86' lang='lat' dir='ltr'>oblatae</span> <span class='ocrx_word' id='word_1_107' title='bbox 1474 1184 1593 1229; x_wconf 88' lang='lat' dir='ltr'>sunt,</span> <span class='ocrx_word' id='word_1_108' title='bbox 1621 1182 1785 1232; x_wconf 88' lang='lat' dir='ltr'>quibus</span> <span class='ocrx_word' id='word_1_109' title='bbox 1814 1183 1924 1222; x_wconf 86' lang='lat' dir='ltr'>alter</span> 
     </span>
     <span class='ocr_line' id='line_1_15' title="bbox 302 1247 1922 1298; baseline 0.001 -12"><span class='ocrx_word' id='word_1_110' title='bbox 302 1247 438 1298; x_wconf 89' lang='lat' dir='ltr'>hujus</span> <span class='ocrx_word' id='word_1_111' title='bbox 467 1247 638 1298; x_wconf 86' lang='lat' dir='ltr'>collegij</span> <span class='ocrx_word' id='word_1_112' title='bbox 674 1247 802 1286; x_wconf 87' lang='lat' dir='ltr'>Pater</span> <span class='ocrx_word' id='word_1_113' title='bbox 830 1247 1033 1298; x_wconf 84' lang='lat' dir='ltr'>occupari</span> <span class='ocrx_word' id='word_1_114' title='bbox 1065 1247 1189 1287; x_wconf 91' lang='lat' dir='ltr'>solet.</span> <span class='ocrx_word' id='word_1_115' title='bbox 1224 1247 1338 1286; x_wconf 90' lang='lat' dir='ltr'>Huic</span> <span class='ocrx_word' id='word_1_116' title='bbox 1376 1248 1543 1286; x_wconf 78' lang='lat' dir='ltr'>tantam</span> <span class='ocrx_word' id='word_1_117' title='bbox 1574 1247 1792 1286; x_wconf 90' lang='lat' dir='ltr'>Dominus</span> <span class='ocrx_word' id='word_1_118' title='bbox 1821 1259 1922 1287; x_wconf 88' lang='lat' dir='ltr'>con-</span> 
     </span>
     <span class='ocr_line' id='line_1_16' title="bbox 301 1311 1920 1363; baseline 0.001 -12"><span class='ocrx_word' id='word_1_119' title='bbox 301 1312 403 1352; x_wconf 87' lang='lat' dir='ltr'>tulit</span> <span class='ocrx_word' id='word_1_120' title='bbox 451 1312 636 1363; x_wconf 83' lang='lat' dir='ltr'>gratiam</span> <span class='ocrx_word' id='word_1_121' title='bbox 684 1324 830 1351; x_wconf 90' lang='lat' dir='ltr'>coram</span> <span class='ocrx_word' id='word_1_122' title='bbox 878 1312 1101 1359; x_wconf 87' lang='lat' dir='ltr'>omnibus,</span> <span class='ocrx_word' id='word_1_123' title='bbox 1152 1314 1197 1350; x_wconf 90' lang='lat' dir='ltr'>vt</span> <span class='ocrx_word' id='word_1_124' title='bbox 1245 1312 1418 1350; x_wconf 87' lang='lat' dir='ltr'>animos</span> <span class='ocrx_word' id='word_1_125' title='bbox 1467 1311 1593 1351; x_wconf 90' lang='lat' dir='ltr'>valde</span> <span class='ocrx_word' id='word_1_126' title='bbox 1640 1311 1920 1360; x_wconf 88' lang='lat' dir='ltr'>dissidentes,</span> 
     </span>
     <span class='ocr_line' id='line_1_17' title="bbox 301 1376 1923 1427; baseline 0.001 -12"><span class='ocrx_word' id='word_1_127' title='bbox 301 1376 508 1426; x_wconf 86' lang='lat' dir='ltr'>quamuis</span> <span class='ocrx_word' id='word_1_128' title='bbox 555 1376 689 1416; x_wconf 91' lang='lat' dir='ltr'>debiti</span> <span class='ocrx_word' id='word_1_129' title='bbox 740 1377 940 1416; x_wconf 81' lang='lat' dir='ltr'>remissio</span> <span class='ocrx_word' id='word_1_130' title='bbox 989 1376 1271 1423; x_wconf 80' lang='lat' dir='ltr'>interueniat,</span> <span class='ocrx_word' id='word_1_131' title='bbox 1321 1378 1557 1427; x_wconf 85' lang='lat' dir='ltr'>componat</span> <span class='ocrx_word' id='word_1_132' title='bbox 1610 1376 1751 1416; x_wconf 88' lang='lat' dir='ltr'>facile.</span> <span class='ocrx_word' id='word_1_133' title='bbox 1803 1377 1923 1416; x_wconf 92' lang='lat' dir='ltr'>Idem</span> 
     </span>
     <span class='ocr_line' id='line_1_18' title="bbox 300 1441 1922 1493; baseline 0 -13"><span class='ocrx_word' id='word_1_134' title='bbox 300 1441 431 1480; x_wconf 87' lang='lat' dir='ltr'>etiam</span> <span class='ocrx_word' id='word_1_135' title='bbox 477 1441 605 1480; x_wconf 88' lang='lat' dir='ltr'>Pater</span> <span class='ocrx_word' id='word_1_136' title='bbox 646 1453 746 1481; x_wconf 91' lang='lat' dir='ltr'>cum</span> <span class='ocrx_word' id='word_1_137' title='bbox 789 1441 891 1491; x_wconf 89' lang='lat' dir='ltr'>alijs</span> <span class='ocrx_word' id='word_1_138' title='bbox 930 1443 971 1480; x_wconf 86' lang='lat' dir='ltr'>et</span> <span class='ocrx_word' id='word_1_139' title='bbox 1001 1441 1053 1480; x_wconf 91' lang='lat' dir='ltr'>de</span> <span class='ocrx_word' id='word_1_140' title='bbox 1084 1442 1215 1481; x_wconf 87' lang='lat' dir='ltr'>rebus</span> <span class='ocrx_word' id='word_1_141' title='bbox 1244 1441 1299 1480; x_wconf 88' lang='lat' dir='ltr'>ad</span> <span class='ocrx_word' id='word_1_142' title='bbox 1328 1441 1497 1480; x_wconf 90' lang='lat' dir='ltr'>cultum</span> <span class='ocrx_word' id='word_1_143' title='bbox 1541 1443 1583 1481; x_wconf 90' lang='lat' dir='ltr'>et</span> <span class='ocrx_word' id='word_1_144' title='bbox 1626 1441 1812 1493; x_wconf 80' lang='lat' dir='ltr'>gloriam</span> <span class='ocrx_word' id='word_1_145' title='bbox 1843 1441 1922 1481; x_wconf 93' lang='lat' dir='ltr'>Dei</span> 
     </span>
     <span class='ocr_line' id='line_1_19' title="bbox 303 1505 1924 1557; baseline 0.001 -13"><span class='ocrx_word' id='word_1_146' title='bbox 303 1505 626 1556; x_wconf 85' lang='lat' dir='ltr'>pertinentibus</span> <span class='ocrx_word' id='word_1_147' title='bbox 655 1506 761 1557; x_wconf 77' lang='lat' dir='ltr'>agit,</span> <span class='ocrx_word' id='word_1_148' title='bbox 794 1506 1051 1557; x_wconf 87' lang='lat' dir='ltr'>praesertim</span> <span class='ocrx_word' id='word_1_149' title='bbox 1082 1518 1179 1545; x_wconf 92' lang='lat' dir='ltr'>cum</span> <span class='ocrx_word' id='word_1_150' title='bbox 1213 1506 1352 1545; x_wconf 88' lang='lat' dir='ltr'>nobili</span> <span class='ocrx_word' id='word_1_151' title='bbox 1383 1506 1575 1556; x_wconf 89' lang='lat' dir='ltr'>quodam</span> <span class='ocrx_word' id='word_1_152' title='bbox 1606 1506 1741 1557; x_wconf 88' lang='lat' dir='ltr'>hujus</span> <span class='ocrx_word' id='word_1_153' title='bbox 1770 1505 1924 1546; x_wconf 87' lang='lat' dir='ltr'>ciuita—</span> 
     </span>
     <span class='ocr_line' id='line_1_20' title="bbox 301 1570 1922 1621; baseline 0.001 -12"><span class='ocrx_word' id='word_1_154' title='bbox 301 1570 358 1610; x_wconf 85' lang='lat' dir='ltr'>tis</span> <span class='ocrx_word' id='word_1_155' title='bbox 402 1570 612 1621; x_wconf 80' lang='lat' dir='ltr'>principe,</span> <span class='ocrx_word' id='word_1_156' title='bbox 643 1571 714 1610; x_wconf 73' lang='lat' dir='ltr'>oui</span> <span class='ocrx_word' id='word_1_157' title='bbox 744 1573 832 1610; x_wconf 84' lang='lat' dir='ltr'>tam</span> <span class='ocrx_word' id='word_1_158' title='bbox 876 1573 995 1610; x_wconf 88' lang='lat' dir='ltr'>arcta</span> <span class='ocrx_word' id='word_1_159' title='bbox 1036 1571 1301 1621; x_wconf 85' lang='lat' dir='ltr'>conjunctus</span> <span class='ocrx_word' id='word_1_160' title='bbox 1344 1573 1409 1610; x_wconf 91' lang='lat' dir='ltr'>est</span> <span class='ocrx_word' id='word_1_161' title='bbox 1453 1571 1663 1620; x_wconf 88' lang='lat' dir='ltr'>amicitia,</span> <span class='ocrx_word' id='word_1_162' title='bbox 1697 1573 1741 1610; x_wconf 90' lang='lat' dir='ltr'>vt</span> <span class='ocrx_word' id='word_1_163' title='bbox 1778 1583 1831 1611; x_wconf 88' lang='lat' dir='ltr'>ex</span> <span class='ocrx_word' id='word_1_164' title='bbox 1872 1583 1922 1611; x_wconf 91' lang='lat' dir='ltr'>ea</span> 
     </span>
     <span class='ocr_line' id='line_1_21' title="bbox 302 1635 1923 1687; baseline 0.001 -13"><span class='ocrx_word' id='word_1_165' title='bbox 302 1635 415 1674; x_wconf 83' lang='lat' dir='ltr'>iden]</span> <span class='ocrx_word' id='word_1_166' title='bbox 448 1635 613 1675; x_wconf 90' lang='lat' dir='ltr'>nobilis</span> <span class='ocrx_word' id='word_1_167' title='bbox 642 1638 683 1674; x_wconf 91' lang='lat' dir='ltr'>et</span> <span class='ocrx_word' id='word_1_168' title='bbox 712 1636 804 1687; x_wconf 79' lang='lat' dir='ltr'>alij,</span> <span class='ocrx_word' id='word_1_169' title='bbox 828 1636 903 1686; x_wconf 89' lang='lat' dir='ltr'>qui</span> <span class='ocrx_word' id='word_1_170' title='bbox 934 1648 986 1675; x_wconf 83' lang='lat' dir='ltr'>ex</span> <span class='ocrx_word' id='word_1_171' title='bbox 1017 1636 1151 1675; x_wconf 77' lang='lat' dir='ltr'>liuius</span> <span class='ocrx_word' id='word_1_172' title='bbox 1180 1636 1272 1675; x_wconf 86' lang='lat' dir='ltr'>vita</span> <span class='ocrx_word' id='word_1_173' title='bbox 1299 1636 1488 1686; x_wconf 87' lang='lat' dir='ltr'>pendent</span> <span class='ocrx_word' id='word_1_174' title='bbox 1517 1638 1559 1675; x_wconf 89' lang='lat' dir='ltr'>et</span> <span class='ocrx_word' id='word_1_175' title='bbox 1587 1636 1811 1687; x_wconf 82' lang='lat' dir='ltr'>operibus,</span> <span class='ocrx_word' id='word_1_176' title='bbox 1835 1648 1923 1675; x_wconf 92' lang='lat' dir='ltr'>ma-</span> 
     </span>
     <span class='ocr_line' id='line_1_22' title="bbox 302 1695 1778 1750; baseline 0 -12"><span class='ocrx_word' id='word_1_177' title='bbox 302 1710 438 1749; x_wconf 90' lang='lat' dir='ltr'>gnum</span> <span class='ocrx_word' id='word_1_178' title='bbox 469 1699 618 1738; x_wconf 89' lang='lat' dir='ltr'>animo</span> <span class='ocrx_word' id='word_1_179' title='bbox 648 1711 729 1738; x_wconf 91' lang='lat' dir='ltr'>suo</span> <span class='ocrx_word' id='word_1_180' title='bbox 760 1701 949 1739; x_wconf 80' lang='lat' dir='ltr'>fructum</span> <span class='ocrx_word' id='word_1_181' title='bbox 980 1700 1231 1750; x_wconf 84' lang='lat' dir='ltr'>decerpant.</span> <span class='ocrx_word' id='word_1_182' title='bbox 1774 1695 1778 1699; x_wconf 81' lang='grc'><strong>’</strong></span> 
     </span>
    </p>

    <p class='ocr_par' dir='ltr' id='par_1_4' title="bbox 300 1763 1923 2268">
     <span class='ocr_line' id='line_1_23' title="bbox 379 1763 1923 1816; baseline 0.001 -13"><span class='ocrx_word' id='word_1_183' title='bbox 379 1764 417 1803; x_wconf 81' lang='lat'>4.</span> <span class='ocrx_word' id='word_1_184' title='bbox 451 1763 615 1803; x_wconf 88' lang='lat' dir='ltr'>Crescit</span> <span class='ocrx_word' id='word_1_185' title='bbox 644 1764 687 1803; x_wconf 91' lang='lat' dir='ltr'>in</span> <span class='ocrx_word' id='word_1_186' title='bbox 720 1764 814 1803; x_wconf 89' lang='lat' dir='ltr'>dies</span> <span class='ocrx_word' id='word_1_187' title='bbox 843 1764 1173 1803; x_wconf 88' lang='lat' dir='ltr'>confessionum</span> <span class='ocrx_word' id='word_1_188' title='bbox 1205 1776 1431 1813; x_wconf 87' lang='lat' dir='ltr'>numerus,</span> <span class='ocrx_word' id='word_1_189' title='bbox 1455 1765 1619 1816; x_wconf 87' lang='lat' dir='ltr'>quibus</span> <span class='ocrx_word' id='word_1_190' title='bbox 1644 1764 1732 1804; x_wconf 86' lang='lat' dir='ltr'>fere</span> <span class='ocrx_word' id='word_1_191' title='bbox 1752 1776 1923 1816; x_wconf 90' lang='lat' dir='ltr'>semper</span> 
     </span>
     <span class='ocr_line' id='line_1_24' title="bbox 300 1828 1921 1880; baseline 0.001 -13"><span class='ocrx_word' id='word_1_192' title='bbox 300 1828 557 1879; x_wconf 87' lang='lat' dir='ltr'>confessarij</span> <span class='ocrx_word' id='word_1_193' title='bbox 601 1829 801 1879; x_wconf 89' lang='lat' dir='ltr'>occupati</span> <span class='ocrx_word' id='word_1_194' title='bbox 831 1831 950 1875; x_wconf 81' lang='lat' dir='ltr'>sunt,</span> <span class='ocrx_word' id='word_1_195' title='bbox 982 1831 1071 1867; x_wconf 92' lang='lat' dir='ltr'>tam</span> <span class='ocrx_word' id='word_1_196' title='bbox 1114 1829 1232 1868; x_wconf 90' lang='lat' dir='ltr'>domi</span> <span class='ocrx_word' id='word_1_197' title='bbox 1276 1841 1375 1869; x_wconf 88' lang='lat' dir='ltr'>cum</span> <span class='ocrx_word' id='word_1_198' title='bbox 1406 1829 1462 1880; x_wconf 84' lang='lat' dir='ltr'>ijS</span> <span class='ocrx_word' id='word_1_199' title='bbox 1491 1829 1567 1880; x_wconf 90' lang='lat' dir='ltr'>qui</span> <span class='ocrx_word' id='word_1_200' title='bbox 1611 1830 1666 1869; x_wconf 88' lang='lat' dir='ltr'>ad</span> <span class='ocrx_word' id='word_1_201' title='bbox 1709 1830 1921 1880; x_wconf 89' lang='lat' dir='ltr'>templum</span> 
     </span>
     <span class='ocr_line' id='line_1_25' title="bbox 300 1893 1919 1946; baseline 0.001 -14"><span class='ocrx_word' id='word_1_202' title='bbox 300 1895 500 1933; x_wconf 85' lang='lat' dir='ltr'>nostrum</span> <span class='ocrx_word' id='word_1_203' title='bbox 547 1893 820 1933; x_wconf 89' lang='lat' dir='ltr'>conueniunt</span> <span class='ocrx_word' id='word_1_204' title='bbox 868 1894 1071 1944; x_wconf 87' lang='lat' dir='ltr'>(quorum</span> <span class='ocrx_word' id='word_1_205' title='bbox 1118 1894 1232 1933; x_wconf 89' lang='lat' dir='ltr'>bona</span> <span class='ocrx_word' id='word_1_206' title='bbox 1276 1906 1377 1945; x_wconf 86' lang='lat' dir='ltr'>pars</span> <span class='ocrx_word' id='word_1_207' title='bbox 1421 1895 1625 1945; x_wconf 87' lang='lat' dir='ltr'>princeps</span> <span class='ocrx_word' id='word_1_208' title='bbox 1659 1894 1756 1945; x_wconf 88' lang='lat' dir='ltr'>est),</span> <span class='ocrx_word' id='word_1_209' title='bbox 1789 1906 1919 1946; x_wconf 88' lang='lat' dir='ltr'>quam</span> 
     </span>
     <span class='ocr_line' id='line_1_26' title="bbox 300 1957 1922 2012; baseline 0.002 -16"><span class='ocrx_word' id='word_1_210' title='bbox 300 1957 408 1997; x_wconf 86' lang='lat' dir='ltr'>foris</span> <span class='ocrx_word' id='word_1_211' title='bbox 449 1970 547 1997; x_wconf 89' lang='lat' dir='ltr'>cum</span> <span class='ocrx_word' id='word_1_212' title='bbox 583 1957 781 1997; x_wconf 63' lang='lat' dir='ltr'>‘infirmis</span> <span class='ocrx_word' id='word_1_213' title='bbox 810 1960 851 1997; x_wconf 90' lang='lat' dir='ltr'>et</span> <span class='ocrx_word' id='word_1_214' title='bbox 896 1958 939 1996; x_wconf 93' lang='lat' dir='ltr'>in</span> <span class='ocrx_word' id='word_1_215' title='bbox 983 1970 1153 1997; x_wconf 87' lang='lat' dir='ltr'>carcere</span> <span class='ocrx_word' id='word_1_216' title='bbox 1183 1961 1224 1998; x_wconf 87' lang='lat' dir='ltr'>et</span> <span class='ocrx_word' id='word_1_217' title='bbox 1254 1959 1575 2009; x_wconf 86' lang='lat' dir='ltr'>hospitalibus;</span> <span class='ocrx_word' id='word_1_218' title='bbox 1608 1971 1721 2012; x_wconf 86' lang='lat' dir='ltr'>quae</span> <span class='ocrx_word' id='word_1_219' title='bbox 1758 1960 1854 1999; x_wconf 90' lang='lat' dir='ltr'>loca</span> <span class='ocrx_word' id='word_1_220' title='bbox 1897 1973 1922 2000; x_wconf 93' lang='lat' dir='ltr'>a</span> 
     </span>
     <span class='ocr_line' id='line_1_27' title="bbox 301 2022 1922 2076; baseline 0.002 -15"><span class='ocrx_word' id='word_1_221' title='bbox 301 2022 466 2061; x_wconf 89' lang='lat' dir='ltr'>nostris</span> <span class='ocrx_word' id='word_1_222' title='bbox 496 2022 717 2062; x_wconf 89' lang='lat' dir='ltr'>interdum</span> <span class='ocrx_word' id='word_1_223' title='bbox 750 2022 917 2062; x_wconf 87' lang='lat' dir='ltr'>visitari</span> <span class='ocrx_word' id='word_1_224' title='bbox 949 2023 1106 2063; x_wconf 88' lang='lat' dir='ltr'>solent.</span> <span class='ocrx_word' id='word_1_225' title='bbox 1132 2024 1260 2063; x_wconf 88' lang='lat' dir='ltr'>Pater</span> <span class='ocrx_word' id='word_1_226' title='bbox 1282 2024 1439 2063; x_wconf 86' lang='lat' dir='ltr'>Rector</span> <span class='ocrx_word' id='word_1_227' title='bbox 1459 2025 1672 2075; x_wconf 90' lang='lat' dir='ltr'>quasdam</span> <span class='ocrx_word' id='word_1_228' title='bbox 1696 2025 1922 2076; x_wconf 86' lang='lat' dir='ltr'>generales</span> 
     </span>
     <span class='ocr_line' id='line_1_28' title="bbox 300 2087 1919 2141; baseline 0.002 -15"><span class='ocrx_word' id='word_1_229' title='bbox 300 2087 489 2135; x_wconf 86' lang='lat' dir='ltr'>audiuit,</span> <span class='ocrx_word' id='word_1_230' title='bbox 521 2099 573 2126; x_wconf 81' lang='lat' dir='ltr'>ex</span> <span class='ocrx_word' id='word_1_231' title='bbox 602 2099 790 2137; x_wconf 84' lang='lat' dir='ltr'>quarum</span> <span class='ocrx_word' id='word_1_232' title='bbox 834 2088 1034 2138; x_wconf 85' lang='lat' dir='ltr'>exemplo</span> <span class='ocrx_word' id='word_1_233' title='bbox 1078 2090 1321 2138; x_wconf 86' lang='lat' dir='ltr'>prouentus</span> <span class='ocrx_word' id='word_1_234' title='bbox 1354 2089 1458 2128; x_wconf 89' lang='lat' dir='ltr'>huic</span> <span class='ocrx_word' id='word_1_235' title='bbox 1488 2091 1690 2139; x_wconf 86' lang='lat' dir='ltr'>speratur</span> <span class='ocrx_word' id='word_1_236' title='bbox 1718 2090 1919 2141; x_wconf 91' lang='lat' dir='ltr'>collegio,</span> 
     </span>
     <span class='ocr_line' id='line_1_29' title="bbox 300 2151 1922 2203; baseline 0.002 -13"><span class='ocrx_word' id='word_1_237' title='bbox 300 2151 346 2190; x_wconf 92' lang='lat' dir='ltr'>in</span> <span class='ocrx_word' id='word_1_238' title='bbox 388 2164 476 2202; x_wconf 88' lang='lat' dir='ltr'>quo</span> <span class='ocrx_word' id='word_1_239' title='bbox 507 2152 663 2202; x_wconf 87' lang='lat' dir='ltr'>(gloria</span> <span class='ocrx_word' id='word_1_240' title='bbox 706 2154 746 2191; x_wconf 94' lang='lat' dir='ltr'>et</span> <span class='ocrx_word' id='word_1_241' title='bbox 790 2152 932 2191; x_wconf 87' lang='lat' dir='ltr'>honor</span> <span class='ocrx_word' id='word_1_242' title='bbox 962 2152 1067 2203; x_wconf 92' lang='lat' dir='ltr'>Deo)</span> <span class='ocrx_word' id='word_1_243' title='bbox 1100 2153 1298 2193; x_wconf 89' lang='lat' dir='ltr'>valemus</span> <span class='ocrx_word' id='word_1_244' title='bbox 1340 2165 1516 2202; x_wconf 69' lang='lat' dir='ltr'>omnes,</span> <span class='ocrx_word' id='word_1_245' title='bbox 1550 2154 1788 2194; x_wconf 91' lang='lat' dir='ltr'>Dominum</span> <span class='ocrx_word' id='word_1_246' title='bbox 1823 2166 1922 2194; x_wconf 91' lang='lat' dir='ltr'>nos-</span> 
     </span>
     <span class='ocr_line' id='line_1_30' title="bbox 300 2209 1921 2268; baseline 0.002 -14"><span class='ocrx_word' id='word_1_247' title='bbox 300 2217 417 2255; x_wconf 89' lang='lat' dir='ltr'>trum</span> <span class='ocrx_word' id='word_1_248' title='bbox 445 2218 622 2255; x_wconf 89' lang='lat' dir='ltr'>orantes</span> <span class='ocrx_word' id='word_1_249' title='bbox 652 2216 764 2255; x_wconf 90' lang='lat' dir='ltr'>idem</span> <span class='ocrx_word' id='word_1_250' title='bbox 797 2218 897 2255; x_wconf 89' lang='lat' dir='ltr'>tuae</span> <span class='ocrx_word' id='word_1_251' title='bbox 927 2217 974 2256; x_wconf 91' lang='lat' dir='ltr'>P.</span> <span class='ocrx_word' id='word_1_252' title='bbox 1005 2218 1228 2265; x_wconf 83' lang='lat' dir='ltr'>concedat,</span> <span class='ocrx_word' id='word_1_253' title='bbox 1260 2209 1310 2257; x_wconf 85' lang='lat' dir='ltr'>vt¹</span> <span class='ocrx_word' id='word_1_254' title='bbox 1332 2230 1407 2268; x_wconf 90' lang='lat' dir='ltr'>per</span> <span class='ocrx_word' id='word_1_255' title='bbox 1435 2220 1477 2258; x_wconf 92' lang='lat' dir='ltr'>te</span> <span class='ocrx_word' id='word_1_256' title='bbox 1509 2218 1665 2258; x_wconf 90' lang='lat' dir='ltr'>diuina</span> <span class='ocrx_word' id='word_1_257' title='bbox 1693 2219 1921 2258; x_wconf 89' lang='lat' dir='ltr'>voluntate</span> 
     </span>
    </p>
   </div>
   <div class='ocr_carea' id='block_1_3' title="bbox 300 2280 1917 2460">
    <p class='ocr_par' dir='ltr' id='par_1_5' title="bbox 300 2280 1917 2460">
     <span class='ocr_line' id='line_1_31' title="bbox 300 2280 1917 2335; baseline 0.002 -15"><span class='ocrx_word' id='word_1_258' title='bbox 300 2280 459 2320; x_wconf 89' lang='lat' dir='ltr'>imbuti</span> <span class='ocrx_word' id='word_1_259' title='bbox 506 2293 831 2332; x_wconf 82' lang='lat' dir='ltr'>consequamur</span> <span class='ocrx_word' id='word_1_260' title='bbox 878 2281 1079 2332; x_wconf 81' lang='lat' dir='ltr'>gratiam,</span> <span class='ocrx_word' id='word_1_261' title='bbox 1126 2295 1212 2333; x_wconf 85' lang='lat' dir='ltr'>qua</span> <span class='ocrx_word' id='word_1_262' title='bbox 1260 2295 1355 2322; x_wconf 90' lang='lat' dir='ltr'>eam</span> <span class='ocrx_word' id='word_1_263' title='bbox 1404 2284 1590 2334; x_wconf 85' lang='lat' dir='ltr'>perfecte</span> <span class='ocrx_word' id='word_1_264' title='bbox 1641 2283 1917 2335; x_wconf 82' lang='lat' dir='ltr'>impleamus.</span> 
     </span>
     <span class='ocr_line' id='line_1_32' title="bbox 300 2344 1204 2395; baseline 0.002 -11"><span class='ocrx_word' id='word_1_265' title='bbox 300 2344 471 2384; x_wconf 90' lang='lat' dir='ltr'>Abulae</span> <span class='ocrx_word' id='word_1_266' title='bbox 491 2345 517 2383; x_wconf 82' lang='lat'><strong>4</strong></span> <span class='ocrx_word' id='word_1_267' title='bbox 536 2345 606 2384; x_wconf 93' lang='lat' dir='ltr'>die</span> <span class='ocrx_word' id='word_1_268' title='bbox 627 2344 909 2395; x_wconf 87' lang='lat' dir='ltr'>Septembris.</span> <span class='ocrx_word' id='word_1_269' title='bbox 934 2346 1065 2385; x_wconf 91' lang='lat' dir='ltr'>Anno</span> <span class='ocrx_word' id='word_1_270' title='bbox 1090 2347 1204 2386; x_wconf 78' lang='lat'>1561.</span> 
     </span>
     <span class='ocr_line' id='line_1_33' title="bbox 405 2409 1228 2460; baseline 0.002 -12"><span class='ocrx_word' id='word_1_271' title='bbox 405 2409 452 2449; x_wconf 89' lang='lat' dir='ltr'>T.</span> <span class='ocrx_word' id='word_1_272' title='bbox 487 2409 532 2449; x_wconf 88' lang='lat' dir='ltr'>P.</span> <span class='ocrx_word' id='word_1_273' title='bbox 567 2409 780 2460; x_wconf 89' lang='lat' dir='ltr'>indignus</span> <span class='ocrx_word' id='word_1_274' title='bbox 814 2410 858 2448; x_wconf 85' lang='lat' dir='ltr'>in</span> <span class='ocrx_word' id='word_1_275' title='bbox 895 2409 1021 2450; x_wconf 87' lang='lat' dir='ltr'>Chro.</span> <span class='ocrx_word' id='word_1_276' title='bbox 1058 2422 1228 2451; x_wconf 89' lang='lat' dir='ltr'>seruus.</span> 
     </span>
    </p>
   </div>
   <div class='ocr_carea' id='block_1_4' title="bbox 1058 2500 1864 2552">
    <p class='ocr_par' dir='ltr' id='par_1_6' title="bbox 1058 2500 1864 2552">
     <span class='ocr_line' id='line_1_34' title="bbox 1058 2500 1864 2552; baseline 0.004 -14"><span class='ocrx_word' id='word_1_277' title='bbox 1058 2500 1087 2549; x_wconf 49' lang='grc' dir='ltr'>ΛΓ</span> <span class='ocrx_word' id='word_1_278' title='bbox 1118 2500 1293 2539; x_wconf 78' lang='lat' dir='ltr'>PETRUs</span> <span class='ocrx_word' id='word_1_279' title='bbox 1323 2501 1455 2540; x_wconf 78' lang='lat' dir='ltr'>MJNZ.</span> <span class='ocrx_word' id='word_1_280' title='bbox 1489 2511 1516 2540; x_wconf 88' lang='lat' dir='ltr'><strong>A</strong></span> <span class='ocrx_word' id='word_1_281' title='bbox 1546 2501 1759 2541; x_wconf 78' lang='lat' dir='ltr'>BUXENTO</span> <span class='ocrx_word' id='word_1_282' title='bbox 1787 2502 1816 2552; x_wconf 78' lang='lat'>†</span> <span class='ocrx_word' id='word_1_283' title='bbox 1837 2503 1864 2541; x_wconf 88' lang='lat'>¹.</span> 
     </span>
    </p>
   </div>
   <div class='ocr_carea' id='block_1_5' title="bbox 298 2628 1920 3095">
    <p class='ocr_par' dir='ltr' id='par_1_7' title="bbox 298 2628 1920 3095">
     <span class='ocr_line' id='line_1_35' title="bbox 361 2628 1919 2677; baseline 0.004 -14"><span class='ocrx_word' id='word_1_284' title='bbox 361 2634 369 2650; x_wconf 93' lang='lat'>¹</span> <span class='ocrx_word' id='word_1_285' title='bbox 395 2632 434 2663; x_wconf 90' lang='lat' dir='ltr'>In</span> <span class='ocrx_word' id='word_1_286' title='bbox 461 2645 475 2660; x_wconf 82' lang='lat'>«</span> <span class='ocrx_word' id='word_1_287' title='bbox 493 2632 695 2673; x_wconf 80' lang='lat' dir='ltr'>Cathalogo</span> <span class='ocrx_word' id='word_1_288' title='bbox 718 2632 762 2664; x_wconf 87' lang='lat' dir='ltr'>de</span> <span class='ocrx_word' id='word_1_289' title='bbox 786 2633 839 2663; x_wconf 87' lang='lat' dir='ltr'>los</span> <span class='ocrx_word' id='word_1_290' title='bbox 868 2632 1001 2664; x_wconf 78' lang='lat' dir='ltr'>Padres</span> <span class='ocrx_word' id='word_1_291' title='bbox 1026 2642 1045 2672; x_wconf 70' lang='lat' dir='ltr'>y</span> <span class='ocrx_word' id='word_1_292' title='bbox 1070 2633 1168 2665; x_wconf 80' lang='lat' dir='ltr'>hros.</span> <span class='ocrx_word' id='word_1_293' title='bbox 1194 2643 1265 2675; x_wconf 85' lang='lat' dir='ltr'>que</span> <span class='ocrx_word' id='word_1_294' title='bbox 1288 2644 1333 2675; x_wconf 81' lang='lat' dir='ltr'>ay</span> <span class='ocrx_word' id='word_1_295' title='bbox 1368 2644 1412 2667; x_wconf 90' lang='lat' dir='ltr'>en</span> <span class='ocrx_word' id='word_1_296' title='bbox 1447 2637 1524 2668; x_wconf 88' lang='lat' dir='ltr'>este</span> <span class='ocrx_word' id='word_1_297' title='bbox 1558 2636 1711 2677; x_wconf 86' lang='lat' dir='ltr'>collegio</span> <span class='ocrx_word' id='word_1_298' title='bbox 1734 2636 1780 2668; x_wconf 90' lang='lat' dir='ltr'>da</span> <span class='ocrx_word' id='word_1_299' title='bbox 1810 2628 1919 2668; x_wconf 66' lang='lat' dir='ltr'>Auila</span> 
     </span>
     <span class='ocr_line' id='line_1_36' title="bbox 298 2684 1919 2728; baseline 0.002 -11"><span class='ocrx_word' id='word_1_300' title='bbox 298 2694 343 2717; x_wconf 91' lang='lat' dir='ltr'>en</span> <span class='ocrx_word' id='word_1_301' title='bbox 366 2684 416 2717; x_wconf 87' lang='lat' dir='ltr'>fin</span> <span class='ocrx_word' id='word_1_302' title='bbox 432 2685 476 2717; x_wconf 87' lang='lat' dir='ltr'>de</span> <span class='ocrx_word' id='word_1_303' title='bbox 500 2685 801 2717; x_wconf 68' lang='lat' dir='ltr'>Diziembre1562</span> <span class='ocrx_word' id='word_1_304' title='bbox 817 2698 831 2713; x_wconf 81' lang='lat'>»</span> <span class='ocrx_word' id='word_1_305' title='bbox 857 2686 951 2726; x_wconf 86' lang='lat' dir='ltr'>(cod.</span> <span class='ocrx_word' id='word_1_306' title='bbox 974 2685 1076 2718; x_wconf 71' lang='lat' dir='ltr'>Cast.</span> <span class='ocrx_word' id='word_1_307' title='bbox 1095 2687 1152 2719; x_wconf 81' lang='lat'>13.</span> <span class='ocrx_word' id='word_1_308' title='bbox 1178 2688 1201 2719; x_wconf 85' lang='lat' dir='ltr'>f.</span> <span class='ocrx_word' id='word_1_309' title='bbox 1229 2688 1301 2728; x_wconf 83' lang='lat'>170)</span> <span class='ocrx_word' id='word_1_310' title='bbox 1326 2688 1369 2720; x_wconf 79' lang='lat' dir='ltr'>(le</span> <span class='ocrx_word' id='word_1_311' title='bbox 1388 2697 1430 2720; x_wconf 89' lang='lat' dir='ltr'>eo</span> <span class='ocrx_word' id='word_1_312' title='bbox 1453 2689 1613 2721; x_wconf 88' lang='lat' dir='ltr'>dicitur:</span> <span class='ocrx_word' id='word_1_313' title='bbox 1641 2702 1656 2718; x_wconf 84' lang='lat'><strong>«</strong></span> <span class='ocrx_word' id='word_1_314' title='bbox 1678 2688 1718 2721; x_wconf 89' lang='lat' dir='ltr'>El</span> <span class='ocrx_word' id='word_1_315' title='bbox 1744 2688 1799 2722; x_wconf 85' lang='lat' dir='ltr'>P.e</span> <span class='ocrx_word' id='word_1_316' title='bbox 1822 2688 1919 2721; x_wconf 59' lang='lat' dir='ltr'>‘Pero</span> 
     </span>
     <span class='ocr_line' id='line_1_37' title="bbox 298 2738 1920 2782; baseline 0.002 -12"><span class='ocrx_word' id='word_1_317' title='bbox 298 2738 475 2770; x_wconf 82' lang='lat' dir='ltr'>Martinez</span> <span class='ocrx_word' id='word_1_318' title='bbox 498 2739 542 2770; x_wconf 89' lang='lat' dir='ltr'>de</span> <span class='ocrx_word' id='word_1_319' title='bbox 566 2738 716 2779; x_wconf 86' lang='lat' dir='ltr'>Bugedo</span> <span class='ocrx_word' id='word_1_320' title='bbox 739 2738 887 2770; x_wconf 83' lang='lat' dir='ltr'>natural</span> <span class='ocrx_word' id='word_1_321' title='bbox 910 2738 953 2770; x_wconf 90' lang='lat' dir='ltr'>de</span> <span class='ocrx_word' id='word_1_322' title='bbox 977 2738 1098 2778; x_wconf 68' lang='lat' dir='ltr'>Vayas</span> <span class='ocrx_word' id='word_1_323' title='bbox 1125 2738 1271 2782; x_wconf 82' lang='lat' dir='ltr'>[Bayas]</span> <span class='ocrx_word' id='word_1_324' title='bbox 1307 2741 1395 2773; x_wconf 87' lang='lat' dir='ltr'>cabe</span> <span class='ocrx_word' id='word_1_325' title='bbox 1419 2741 1586 2774; x_wconf 89' lang='lat' dir='ltr'>Miranda</span> <span class='ocrx_word' id='word_1_326' title='bbox 1608 2742 1652 2774; x_wconf 89' lang='lat' dir='ltr'>de</span> <span class='ocrx_word' id='word_1_327' title='bbox 1675 2742 1781 2775; x_wconf 90' lang='lat' dir='ltr'>Ebro.</span> <span class='ocrx_word' id='word_1_328' title='bbox 1807 2742 1857 2774; x_wconf 85' lang='lat' dir='ltr'>De</span> <span class='ocrx_word' id='word_1_329' title='bbox 1879 2743 1920 2774; x_wconf 68' lang='lat'>4⁶2</span> 
     </span>
     <span class='ocr_line' id='line_1_38' title="bbox 298 2791 1918 2832; baseline 0.003 -10"><span class='ocrx_word' id='word_1_330' title='bbox 298 2793 388 2822; x_wconf 77' lang='lat' dir='ltr'>aiios</span> <span class='ocrx_word' id='word_1_331' title='bbox 411 2791 455 2823; x_wconf 86' lang='lat' dir='ltr'>de</span> <span class='ocrx_word' id='word_1_332' title='bbox 478 2791 589 2830; x_wconf 77' lang='lat' dir='ltr'>edad;</span> <span class='ocrx_word' id='word_1_333' title='bbox 614 2800 704 2832; x_wconf 83' lang='lat' dir='ltr'>poco</span> <span class='ocrx_word' id='word_1_334' title='bbox 728 2792 805 2822; x_wconf 62' lang='lat' dir='ltr'>meis</span> <span class='ocrx_word' id='word_1_335' title='bbox 828 2791 871 2822; x_wconf 92' lang='lat' dir='ltr'>de</span> <span class='ocrx_word' id='word_1_336' title='bbox 895 2791 912 2822; x_wconf 79' lang='lat'>7</span> <span class='ocrx_word' id='word_1_337' title='bbox 936 2792 979 2822; x_wconf 87' lang='lat' dir='ltr'>de</span> <span class='ocrx_word' id='word_1_338' title='bbox 1003 2791 1146 2832; x_wconf 60' lang='lat' dir='ltr'>compa</span> <span class='ocrx_word' id='word_1_339' title='bbox 1168 2803 1174 2828; x_wconf 75' lang='lat'>2</span> <span class='ocrx_word' id='word_1_340' title='bbox 1200 2802 1238 2824; x_wconf 84' lang='lat' dir='ltr'>es</span> <span class='ocrx_word' id='word_1_341' title='bbox 1262 2793 1441 2825; x_wconf 70' lang='lat' dir='ltr'>liachiller</span> <span class='ocrx_word' id='word_1_342' title='bbox 1463 2804 1507 2826; x_wconf 90' lang='lat' dir='ltr'>en</span> <span class='ocrx_word' id='word_1_343' title='bbox 1542 2796 1659 2832; x_wconf 82' lang='lat' dir='ltr'>artes;</span> <span class='ocrx_word' id='word_1_344' title='bbox 1685 2794 1731 2827; x_wconf 88' lang='lat' dir='ltr'>ha</span> <span class='ocrx_word' id='word_1_345' title='bbox 1756 2795 1918 2827; x_wconf 88' lang='lat' dir='ltr'>acabado</span> 
     </span>
     <span class='ocr_line' id='line_1_39' title="bbox 298 2843 1919 2888; baseline 0.004 -14"><span class='ocrx_word' id='word_1_346' title='bbox 298 2852 341 2875; x_wconf 90' lang='lat' dir='ltr'>su</span> <span class='ocrx_word' id='word_1_347' title='bbox 366 2843 573 2885; x_wconf 80' lang='lat' dir='ltr'>theologia:</span> <span class='ocrx_word' id='word_1_348' title='bbox 599 2853 638 2875; x_wconf 87' lang='lat' dir='ltr'>es</span> <span class='ocrx_word' id='word_1_349' title='bbox 675 2843 879 2878; x_wconf 84' lang='lat' dir='ltr'>confessor:</span> <span class='ocrx_word' id='word_1_350' title='bbox 915 2853 954 2876; x_wconf 86' lang='lat' dir='ltr'>es</span> <span class='ocrx_word' id='word_1_351' title='bbox 989 2853 1073 2884; x_wconf 80' lang='lat' dir='ltr'>muy</span> <span class='ocrx_word' id='word_1_352' title='bbox 1098 2845 1262 2877; x_wconf 87' lang='lat' dir='ltr'>humilde</span> <span class='ocrx_word' id='word_1_353' title='bbox 1296 2856 1315 2886; x_wconf 79' lang='lat' dir='ltr'>y</span> <span class='ocrx_word' id='word_1_354' title='bbox 1351 2847 1573 2879; x_wconf 84' lang='lat' dir='ltr'>obseruante</span> <span class='ocrx_word' id='word_1_355' title='bbox 1597 2848 1782 2888; x_wconf 86' lang='lat' dir='ltr'>religioso.</span> <span class='ocrx_word' id='word_1_356' title='bbox 1806 2847 1919 2880; x_wconf 87' lang='lat' dir='ltr'>Tiene</span> 
     </span>
     <span class='ocr_line' id='line_1_40' title="bbox 299 2895 1918 2937; baseline 0.002 -9"><span class='ocrx_word' id='word_1_357' title='bbox 299 2895 440 2928; x_wconf 84' lang='lat' dir='ltr'>buenas</span> <span class='ocrx_word' id='word_1_358' title='bbox 460 2896 603 2928; x_wconf 83' lang='lat' dir='ltr'>fuerzas</span> <span class='ocrx_word' id='word_1_359' title='bbox 626 2897 833 2937; x_wconf 89' lang='lat' dir='ltr'>corporales</span> <span class='ocrx_word' id='word_1_360' title='bbox 856 2906 945 2937; x_wconf 86' lang='lat' dir='ltr'>para</span> <span class='ocrx_word' id='word_1_361' title='bbox 969 2906 1010 2928; x_wconf 86' lang='lat' dir='ltr'>su</span> <span class='ocrx_word' id='word_1_362' title='bbox 1038 2898 1255 2930; x_wconf 84' lang='lat' dir='ltr'>ministerio.</span> <span class='ocrx_word' id='word_1_363' title='bbox 1282 2899 1393 2931; x_wconf 83' lang='lat' dir='ltr'>Entro</span> <span class='ocrx_word' id='word_1_364' title='bbox 1410 2909 1453 2932; x_wconf 87' lang='lat' dir='ltr'>en</span> <span class='ocrx_word' id='word_1_365' title='bbox 1472 2900 1705 2935; x_wconf 79' lang='lat' dir='ltr'>salamanca:</span> <span class='ocrx_word' id='word_1_366' title='bbox 1723 2898 1918 2932; x_wconf 69' lang='lat' dir='ltr'>resci&#39;biolo</span> 
     </span>
     <span class='ocr_line' id='line_1_41' title="bbox 298 2949 1916 2994; baseline 0.003 -14"><span class='ocrx_word' id='word_1_367' title='bbox 298 2949 330 2980; x_wconf 87' lang='lat' dir='ltr'>el</span> <span class='ocrx_word' id='word_1_368' title='bbox 357 2949 379 2980; x_wconf 85' lang='grc' dir='ltr'>Ρ</span> <span class='ocrx_word' id='word_1_369' title='bbox 393 2959 405 2974; x_wconf 82' lang='lat' dir='ltr'>e</span> <span class='ocrx_word' id='word_1_370' title='bbox 420 2975 427 2981; x_wconf 96' lang='lat'>.</span> <span class='ocrx_word' id='word_1_371' title='bbox 454 2949 670 2981; x_wconf 71' lang='lat' dir='ltr'>Hernandez</span> <span class='ocrx_word' id='word_1_372' title='bbox 687 2962 716 2981; x_wconf 88' lang='lat'>».</span> <span class='ocrx_word' id='word_1_373' title='bbox 736 2949 929 2990; x_wconf 82' lang='lat' dir='ltr'>Ingressus</span> <span class='ocrx_word' id='word_1_374' title='bbox 946 2950 1001 2981; x_wconf 87' lang='lat' dir='ltr'>est</span> <span class='ocrx_word' id='word_1_375' title='bbox 1025 2950 1257 2987; x_wconf 79' lang='lat' dir='ltr'>Societatem,</span> <span class='ocrx_word' id='word_1_376' title='bbox 1278 2952 1349 2983; x_wconf 85' lang='lat' dir='ltr'>iam</span> <span class='ocrx_word' id='word_1_377' title='bbox 1367 2953 1549 2991; x_wconf 86' lang='lat' dir='ltr'>sacerdos,</span> <span class='ocrx_word' id='word_1_378' title='bbox 1568 2961 1692 2985; x_wconf 90' lang='lat' dir='ltr'>mense</span> <span class='ocrx_word' id='word_1_379' title='bbox 1708 2952 1807 2994; x_wconf 85' lang='lat' dir='ltr'>Sept.</span> <span class='ocrx_word' id='word_1_380' title='bbox 1826 2953 1916 2992; x_wconf 87' lang='lat'>1555,</span> 
     </span>
     <span class='ocr_line' id='line_1_42' title="bbox 298 3001 1918 3046; baseline 0.003 -14"><span class='ocrx_word' id='word_1_381' title='bbox 298 3002 340 3032; x_wconf 89' lang='lat' dir='ltr'>ut</span> <span class='ocrx_word' id='word_1_382' title='bbox 367 3003 569 3033; x_wconf 89' lang='lat' dir='ltr'>annotatur</span> <span class='ocrx_word' id='word_1_383' title='bbox 592 3002 630 3033; x_wconf 90' lang='lat' dir='ltr'>in</span> <span class='ocrx_word' id='word_1_384' title='bbox 654 3001 731 3033; x_wconf 94' lang='lat' dir='ltr'>cod.</span> <span class='ocrx_word' id='word_1_385' title='bbox 757 3001 950 3033; x_wconf 60' lang='lat' dir='ltr'>salmam.</span> <span class='ocrx_word' id='word_1_386' title='bbox 977 3001 1001 3034; x_wconf 84' lang='grc' dir='ltr'>Ι,</span> <span class='ocrx_word' id='word_1_387' title='bbox 1029 3003 1050 3034; x_wconf 85' lang='lat' dir='ltr'>t&#39;.</span> <span class='ocrx_word' id='word_1_388' title='bbox 1075 3004 1094 3033; x_wconf 81' lang='lat'><strong>3</strong></span> <span class='ocrx_word' id='word_1_389' title='bbox 1107 3012 1141 3034; x_wconf 82' lang='lat' dir='ltr'>v.</span> <span class='ocrx_word' id='word_1_390' title='bbox 1169 3004 1400 3036; x_wconf 65' lang='lat' dir='ltr'>concordant</span> <span class='ocrx_word' id='word_1_391' title='bbox 1440 3014 1616 3046; x_wconf 86' lang='lat' dir='ltr'>responsa</span> <span class='ocrx_word' id='word_1_392' title='bbox 1638 3005 1683 3037; x_wconf 89' lang='lat' dir='ltr'>ad</span> <span class='ocrx_word' id='word_1_393' title='bbox 1716 3006 1918 3046; x_wconf 82' lang='lat' dir='ltr'>interroga-</span> 
     </span>
     <span class='ocr_line' id='line_1_43' title="bbox 299 3054 888 3095; baseline 0 -9"><span class='ocrx_word' id='word_1_394' title='bbox 299 3055 420 3086; x_wconf 85' lang='lat' dir='ltr'>tiones</span> <span class='ocrx_word' id='word_1_395' title='bbox 444 3055 536 3087; x_wconf 82' lang='lat' dir='ltr'>Pris.</span> <span class='ocrx_word' id='word_1_396' title='bbox 560 3054 679 3086; x_wconf 87' lang='lat' dir='ltr'>Nadal</span> <span class='ocrx_word' id='word_1_397' title='bbox 701 3054 775 3095; x_wconf 86' lang='lat' dir='ltr'>(IV,</span> <span class='ocrx_word' id='word_1_398' title='bbox 799 3054 888 3095; x_wconf 81' lang='lat'>473).</span> 
     </span>
    </p>
   </div>
  </div>
 </body>
</html>
