2028 3531
531 263 612 301 575.
640 284 682 290 -
711 263 910 300 Tassvas
935 262 958 297 4
985 260 1241 298 SEPTEMBms
1270 259 1358 296 1561
1648 258 1713 295 531

128 386 227 427 rina
255 383 586 437 pronunciatio,
619 383 667 423 in
697 382 954 434 genuinam,
977 382 1020 420 et
1043 379 1326 419 vernaculam
1356 378 1505 418 subito
1538 378 1756 417 restituat.

130 451 247 492 Huic
275 450 361 501 ipsi
391 450 501 489 haec
529 456 547 475 ἢ
570 448 801 499 prouincia
837 447 1020 497 insuper
1063 444 1329 485 demandata
1373 446 1453 491 est,
1500 445 1545 482 vt
1589 443 1764 482 traditis

129 516 290 568 cuique
311 515 497 562 flandro,
522 514 589 553 vel
611 514 730 565 gallo
757 513 843 565 pijs
873 510 1143 563 quibusdam
1165 509 1331 549 libellis
1352 508 1634 560 germanicis,
1658 519 1767 558 quo-

130 581 237 621 tidie
265 591 626 632 vnumquemque
656 579 827 630 aliquot
859 576 1063 628 periodos
1092 575 1310 626 legentem
1342 574 1509 621 audiat,
1544 573 1659 624 quod
1688 572 1765 624 qui

129 648 355 698 praestare
384 657 473 685 non
505 646 663 696 potest,
684 644 722 683 is
744 643 799 683 ad
820 641 1187 693 orthographiam
1209 651 1450 691 puerorum
1473 650 1592 678 more
1614 638 1766 689 alpha-

129 711 400 752 betariorum
431 722 484 750 ex
514 710 656 750 literis
677 709 889 761 syllabas,
922 719 975 747 ex
1005 705 1193 758 syllabis
1215 705 1433 745 dictiones
1454 704 1766 755 conglutinan-

129 777 241 818 tium
272 776 525 816 remittitur.
563 775 809 815 Conciones
839 774 1079 824 praeterea,
1120 773 1162 810 et
1192 770 1286 810 toni
1316 780 1575 809 communes
1613 769 1766 808 eadem

129 843 263 883 etiam
293 841 448 893 lingua
469 840 825 892 pronunciantur
844 838 1089 877 etiamnum
1120 837 1176 876 ab
1198 836 1268 887 ijs,
1301 835 1377 887 qui
1401 835 1476 874 vix
1510 834 1595 873 tria
1617 835 1764 879 verba,

129 920 217 959 qua
247 908 370 947 decet
390 907 576 953 ratione,
600 906 790 957 possunt
809 903 1018 955 proferre.
1043 902 1164 942 Neue
1194 914 1284 941 non
1306 901 1417 941 satis
1456 900 1595 939 videri
1617 901 1765 951 queat,

129 973 168 1014 si
199 973 245 1012 in
294 972 417 1024 ferijs
464 974 637 1012 tantum
686 972 987 1015 exerceantur,
1038 979 1093 1007 ne
1141 979 1217 1007 eae
1265 967 1445 1017 quidem
1493 965 1768 1005 succissiuae

130 1039 330 1084 horulae,
362 1050 476 1089 quae
506 1039 608 1088 post
641 1037 868 1087 sumptum
899 1034 1049 1074 cibum
1095 1032 1357 1072 recreationi
1387 1031 1570 1071 concedi
1606 1031 1765 1078 solent,

130 1105 186 1144 ab
216 1104 300 1144 hac
330 1103 522 1143 formula
553 1102 775 1142 immunes
822 1102 943 1140 sunt.
975 1100 1053 1139 Est
1082 1099 1210 1138 lusus
1240 1110 1397 1150 genus,
1433 1097 1552 1148 quod
1583 1096 1730 1148 globis
1750 1095 1768 1122 ἲ)

130 1182 208 1222 per
236 1169 452 1209 annulum
500 1169 689 1208 ferreum
729 1167 791 1214 fit,
837 1165 1061 1217 germanis
1091 1164 1440 1215 haudquaquam
1482 1162 1765 1213 infrequens:

130 1235 215 1275 hoc
245 1235 395 1286 plures
424 1235 616 1285 quatuor
646 1244 737 1272 non
768 1231 939 1282 recipit,
972 1231 1036 1270 sic
1068 1231 1113 1269 vt
1142 1230 1230 1269 duo
1260 1229 1452 1277 duobus,
1485 1228 1555 1267 vel
1599 1228 1767 1279 singuli

131 1300 324 1352 singulis
353 1299 711 1339 committantur:
748 1297 875 1337 victis
905 1296 1148 1336 succedunt
1170 1295 1263 1346 alij.
1299 1295 1418 1333 Inter
1447 1294 1707 1341 ludendum,
1731 1293 1768 1332 si

130 1366 200 1405 vel
230 1364 494 1405 commissos
524 1364 651 1412 inter,
684 1363 753 1403 vel
783 1364 1054 1413 spectatores
1083 1360 1187 1407 alio,
1220 1371 1353 1411 quam
1385 1359 1638 1410 germanico
1661 1359 1771 1398 idio-

132 1433 247 1471 mate
276 1430 400 1482 loqui
430 1429 675 1481 contingat,
709 1440 799 1468 non
844 1428 1025 1478 impune
1056 1427 1101 1466 id
1132 1425 1338 1472 fecerint3
1384 1425 1461 1464 sed
1508 1424 1576 1463 vel
1618 1424 1770 1464 cedere

131 1496 234 1548 aliJ's
264 1497 486 1547 coguntur
514 1495 732 1543 ludentes,
766 1493 834 1533 vel
864 1492 1136 1533 eminentius
1170 1490 1352 1542 aliquod
1383 1502 1540 1530 saxum
1562 1501 1771 1529 conscen-

131 1562 248 1611 dere,
281 1562 349 1601 vel
379 1560 505 1601 humi
536 1560 702 1606 sedere,
735 1559 874 1599 donec
904 1558 1028 1598 aliud
1058 1558 1311 1608 imperetur.
1346 1555 1391 1595 Si
1423 1568 1526 1595 vero
1556 1556 1771 1606 spectato-

132 1639 201 1667 res
222 1627 277 1667 ad
299 1626 502 1666 eumdem
524 1626 581 1665 im
591 1626 781 1677 pingunt
801 1625 1010 1675 lapidem,
1030 1623 1222 1674 perdunt
1243 1622 1314 1661 ius
1335 1621 1600 1661 succedendi
1625 1620 1768 1667 victis,

132 1693 201 1732 vel
230 1693 319 1733 alia
349 1704 491 1743 poena
522 1691 807 1731 mulctantur.
843 1691 908 1729 Ita
938 1690 1000 1737 fit,
1035 1691 1079 1728 vt
1111 1688 1253 1739 magis
1284 1687 1515 1738 magisque
1558 1686 1771 1726 omnibus

132 1759 210 1799 illa
253 1758 410 1810 lingua
453 1757 729 1797 innotescere
759 1756 958 1807 incipiat.
1009 1755 1167 1795 Verum
1205 1754 1314 1793 haec
1349 1753 1566 1792 hactenus
1596 1752 1649 1791 de
1696 1751 1772 1791 do-

132 1824 342 1864 mesticis.

211 1890 249 1930 5.
283 1890 427 1929 Locus
470 1889 558 1928 iam
606 1888 828 1939 postulare
865 1887 1054 1933 videtur,
1089 1887 1148 1933 vt,
1182 1897 1295 1936 quae
1330 1884 1375 1923 in
1407 1883 1575 1923 scholis
1606 1882 1772 1922 nostris

132 1958 342 2008 aguntur,
376 1967 465 1994 non
496 1953 804 2005 lelinquamus
833 1953 1014 1992 intacta
1048 1951 1142 1991 Non
1180 1952 1246 1990 est
1275 1931 1447 1998 (fateor)
1480 1949 1519 1988 is
1540 1948 1773 1988 scholasti-

133 2034 285 2062 corum
316 2032 544 2068 numerus,
568 2019 644 2071 qui
679 2020 933 2071 praecept01
939 2030 1008 2057 um
1041 2015 1353 2068 expectationi
1391 2017 1468 2054 aut
1489 2015 1562 2065 pio
1592 2014 1772 2053 illorum

133 2086 490 2139 quamplurimos
511 2085 699 2125 iuuandi
720 2084 941 2124 desiderio
972 2083 1106 2122 saciat
1126 2081 1248 2121 omni
1279 2093 1331 2120 ex
1364 2083 1484 2132 parte
1506 2080 1640 2128 satis,
1663 2079 1773 2118 adeo

133 2154 281 2192 tamen
313 2151 427 2191 nihil
476 2150 613 2202 priori
647 2149 857 2197 decreuit,
904 2148 1014 2199 quin
1062 2147 1214 2186 multis
1243 2158 1343 2186 eum
1392 2146 1479 2185 iam
1528 2145 1774 2184 habeamus

135 2217 398 2269 parasangis
418 2216 675 2256 auctiorem.
695 2215 855 2256 Schola
878 2215 995 2254 enim
1020 2213 1274 2257 rhetorices,
1307 2224 1420 2264 quae
1452 2211 1774 2263 posterioribus

134 2282 536 2334 quadrimestribus
566 2284 578 2306 1
609 2281 841 2321 duodecim
874 2281 1082 2327 habebat,
1116 2279 1203 2318 iam
1235 2279 1290 2318 ad
1320 2278 1391 2323 ⁹2&
1425 2278 1584 2317 classis
1619 2277 1773 2316 huma-

134 2348 290 2388 nitatis
319 2360 345 2387 a
373 2348 425 2388 36
454 2348 508 2387 ad
538 2348 591 2386 66
620 2347 830 2387 excreuit.
864 2346 1008 2385 Habet
1043 2345 1216 2396 logicus
1246 2343 1494 2384 duodecim.
1542 2342 1773 2382 Coeterum

137 2426 350 2454 numerus
397 2413 653 2453 auditorum
702 2412 955 2463 theologiae
1003 2411 1063 2450 ita
1095 2411 1291 2450 incertus
1339 2411 1419 2455 est,
1456 2411 1497 2448 vt
1546 2408 1620 2447 vix
1667 2406 1773 2447 certi

135 2479 365 2532 quippiam
396 2491 421 2519 a
444 2479 573 2519 nobis
603 2478 737 2518 scribi
770 2478 924 2529 possit.
950 2477 1178 2516 Interdum
1200 2475 1319 2515 enim
1349 2476 1415 2523 40,
1449 2484 1774 2524 nonnunquam

134 2546 203 2594 30,
234 2557 332 2585 raro
362 2547 508 2585 autem
540 2544 773 2596 pauciores
804 2544 933 2583 habet
966 2554 1100 2593 quam
1143 2542 1209 2581 020.
1244 2542 1381 2581 Porro
1411 2540 1499 2580 duo
1539 2539 1774 2590 praecipue

131 2612 352 2651 hactenus
382 2613 601 2650 remorata
630 2611 736 2650 sunt
769 2621 824 2649 ne
855 2621 937 2648 nos
958 2608 1145 2648 adirent.
1180 2608 1380 2647 Alterum
1417 2608 1497 2653 est,
1530 2604 1650 2656 quod
1672 2604 1776 2642 infe-

136 2677 276 2717 riores
323 2676 602 2716 humanitate
649 2676 816 2715 classes
859 2675 1009 2714 nullas
1057 2674 1327 2720 habeamus,
1360 2684 1474 2723 quae
1503 2682 1637 2710 causa
1686 2681 1775 2708 non

137 2754 292 2794 parum
323 2742 489 2782 multos
518 2741 746 2789 deterruit,
778 2740 897 2792 quod
928 2741 1180 2779 nostrarum
1225 2750 1272 2778 se
1306 2737 1547 2778 lectionum
1591 2746 1775 2786 capaces

138 2808 229 2848 fore
250 2807 524 2855 diffiderent,
549 2819 639 2846 non
661 2818 826 2857 paucos
857 2805 1032 2857 magnis
1053 2805 1187 2844 etiam
1209 2803 1447 2843 itineribus
1468 2815 1494 2841 a
1517 2800 1776 2853 parentibus

199 2952 218 2971 a
237 2944 319 2977 Del.
344 2943 541 2985 prouincia
563 2943 622 2984 (12).
647 2961 687 2965 —
711 2942 729 2968 b
751 2942 833 2975 Del.
858 2941 989 2974 ferreis
1012 2942 1071 2983 (²53).

203 3071 211 3088 ¹
236 3068 328 3102 Vide
352 3078 386 3110 p.
411 3068 473 3101 202
497 3077 578 3110 sqq.
