2028 3531
524 282 605 318 572.
632 303 676 308 —-
706 282 894 319 BiLLomo
920 282 942 317 3
969 281 1227 318 SEPTEMBms
1256 282 1344 318 1561
1640 283 1707 319 5021

123 401 358 449 commodi,
391 401 539 441 laudis
568 403 611 440 et
649 401 820 441 fructus
849 413 899 440 ex
931 400 1149 440 Societate
1183 401 1378 446 veniret;
1413 403 1456 440 vt
1488 401 1534 440 in
1565 401 1755 441 concilio

123 466 298 506 collatis
327 478 464 506 Vnum
508 466 555 505 in
585 466 747 513 locum,
786 465 1115 517 perspectisque
1146 467 1231 504 tain
1279 465 1499 505 nobilium
1534 478 1668 516 quam
1699 466 1757 505 ci-

123 531 252 572 uium
278 531 586 583 Ecclesiaeque
618 532 843 582 presidum
873 531 1158 579 testimoniis,
1192 531 1305 570 nihil
1338 533 1455 570 vetet
1488 543 1577 582 quo
1608 531 1757 571 minus

124 596 170 636 in
199 596 345 637 Gallia
374 596 676 636 admittamur.
702 596 1004 637 Clarmontani
1031 596 1124 647 (qui
1156 595 1200 634 in
1231 608 1281 635 eo
1311 596 1626 635 existimantur
1647 596 1759 636 mul-

122 663 216 702 tum
246 662 408 709 habere
437 661 663 712 ponderis)
695 674 822 701 suam
852 661 981 701 etiam
1008 661 1147 700 nostri
1170 661 1309 711 gratia
1343 673 1494 700 vocem
1523 661 1754 701 dederunt.

122 726 207 777 Qui
236 738 287 766 eo
317 739 399 766 nos
442 726 593 766 animo
623 729 665 766 et
694 727 844 767 studio
888 728 1221 777 prosequuntur
1252 726 1367 774 (licet
1413 729 1515 766 ante
1546 727 1637 766 illis
1667 738 1756 766 non

121 791 285 832 fuerint
316 791 486 831 inimici
518 792 648 831 nobis
677 792 991 843 capitaliores),
1019 793 1061 830 vt
1082 804 1201 831 nunc
1230 792 1381 831 (licant
1410 799 1425 816 «Ἰ
1458 803 1504 831 se
1534 794 1756 832 erecturos

120 856 328 898 Societati
359 857 406 897 in
436 858 542 897 vrbe
571 870 652 897 sua
682 858 934 909 collegium,
984 869 1036 896 ex
1067 857 1123 896 iis
1153 870 1238 908 que
1268 869 1511 908 pauperum
1559 857 1757 909 reliquae

121 922 265 962 forent
306 923 524 974 pecuniis,
556 935 641 974 que
688 923 824 963 multe
853 925 893 962 et
941 934 1098 974 magne
1137 924 1257 962 sunt.
1290 922 1472 962 Nobiles
1514 935 1612 962 cum
1665 923 1756 974 regi

120 999 199 1039 pro
229 988 360 1028 nobis
388 988 706 1039 supplicarent,
740 990 908 1027 tantam
939 988 1081 1027 nostri
1112 988 1158 1027 in
1191 988 1411 1027 Aruernia
1448 988 1755 1027 necessitatem

119 1053 315 1093 attestati
345 1055 465 1101 sunt,
499 1056 544 1093 vt
573 1053 661 1093 nisi
706 1066 782 1093 eos
811 1065 967 1093 omnes
997 1053 1129 1093 vellet
1164 1053 1397 1100 hereticos,
1437 1052 1453 1078 ἲ)
1484 1053 1661 1105 impios,
1694 1053 1758 1104 ig-

120 1131 253 1158 naros
282 1121 324 1159 et
353 1119 501 1167 rudes,
533 1118 797 1159 Societatem
828 1119 956 1159 illum
987 1119 1175 1170 probare
1205 1121 1243 1158 et
1282 1118 1417 1169 recipi
1449 1118 1601 1159 iubere
1630 1131 1757 1170 opor-

119 1186 242 1231 teret,
274 1195 373 1224 cum
418 1184 727 1231 concionibus,
760 1184 1164 1229 exhortationibus,
1198 1184 1480 1233 lectionibus,
1513 1184 1756 1224 confessio-

119 1249 268 1297 nibus,
302 1250 638 1290 visitationibus
680 1250 872 1300 aliisque
906 1250 990 1301 piis
1019 1249 1231 1301 operibus
1265 1250 1578 1301 religiosorum
1608 1250 1756 1290 Socie-

118 1314 222 1354 tatis
252 1314 463 1354 Vniuersa
497 1314 715 1355 Aruernia
761 1315 807 1353 in
851 1315 998 1354 officio
1042 1315 1293 1366 relligionis
1331 1315 1626 1355 contineatur.
1674 1315 1756 1355 His

117 1379 328 1420 omnibus
357 1380 586 1432 suffragiis
616 1381 746 1427 facta,
774 1380 950 1431 opinor,
982 1392 1203 1432 propensa
1226 1381 1271 1420 in
1303 1393 1385 1420 nos
1416 1383 1556 1420 mater
1585 1381 1753 1433 regina,

118 1457 208 1493 rex,
240 1445 490 1486 cardinales
533 1446 732 1497 quinque
778 1458 935 1497 magne
979 1446 1268 1486 authoritatis
1299 1448 1327 1493 ¹,
1360 1446 1579 1498 multique
1609 1459 1662 1486 ex
1691 1459 1757 1487 se-

117 1513 226 1550 natu
271 1511 507 1562 parisiensi
538 1524 586 1551 se
632 1511 887 1562 praedicant
917 1519 930 1537 <¹
962 1512 1017 1551 ad
1047 1512 1301 1551 subsidium
1341 1512 1482 1551 nostri
1513 1511 1531 1538 d
1570 1512 1757 1563 paratis-

116 1576 269 1616 simos.
322 1577 440 1617 Haec
469 1579 622 1617 nostra
665 1577 863 1617 Societas
893 1590 981 1629 quo
1028 1577 1171 1617 maius
1201 1580 1266 1617 est
1314 1577 1370 1617 ad
1400 1578 1678 1618 retinendam
1709 1578 1755 1618 in

117 1642 201 1682 fide
245 1644 288 1682 et
330 1642 494 1694 pietate
523 1643 715 1684 Galliam
748 1643 802 1694 (si
850 1643 1102 1694 recipiatur)
1137 1646 1411 1683 momentum
1441 1644 1665 1691 habitura,
1704 1656 1755 1684 eo

119 1707 286 1747 maiora
328 1707 396 1747 illi
426 1708 641 1748 sathanas
685 1708 819 1748 infert
869 1708 1181 1759 mpedimenta.
1220 1707 1361 1758 Quam
1393 1709 1596 1760 egregios
1628 1709 1755 1750 video

116 1772 314 1823 ingenio,
347 1775 390 1812 et
433 1773 635 1813 doctrina
680 1773 904 1824 exquisita
947 1774 1174 1825 praeditos
1216 1773 1416 1813 animum
1462 1775 1753 1815 adiuncturos

116 1836 447 1885 Societatitmvbi
490 1838 615 1878 illam
645 1839 839 1879 viderint
882 1839 1051 1879 florere.
1098 1839 1214 1879 Noui
1258 1851 1339 1890 ego
1379 1839 1614 1891 plerosque
1657 1852 1754 1880 eam

114 1903 171 1942 ob
199 1904 564 1944 causamssefuisse
594 1917 619 1944 a
650 1907 800 1944 nostra
846 1905 1064 1945 Societate
1094 1904 1333 1944 alieniores
1374 1906 1525 1954 factos,
1557 1905 1678 1957 quod
1708 1906 1754 1945 in

114 1967 260 2008 Gallia
299 1968 556 2020 approbata·
589 1982 678 2010 non
709 1970 767 2009 sit
801 1978 831 2011 θ.
863 1970 1045 2010 Moriaci
1074 1971 1197 2010 ciues
1228 1970 1486 2010 bilhiomeis
1521 1983 1568 2010 se
1597 1971 1755 2011 adiun—

113 2036 289 2081 xerunt,
322 2035 369 2073 vt
411 2034 887 2086 maioribus-{opibus
931 2047 983 2074 ex
1015 2036 1097 2074 hac
1141 2035 1308 2085 illaque
1351 2037 1485 2085 parte,
1519 2034 1754 2075 Societatis

114 2099 294 2138 nomine
337 2099 456 2150 quod
501 2100 668 2139 dudum
697 2102 937 2151 '‘optamus,
970 2100 1238 2140 obtinerent.
1286 2100 1385 2139 Non
1417 2101 1592 2140 videtur
1625 2101 1755 2141 aliter

113 2163 206 2203 fieri
255 2175 398 2215 posse,
430 2164 541 2216 quin
572 2165 636 2216 (T.
668 2166 908 2207 eliani-1R.a
940 2166 995 2205 ad
1026 2165 1072 2205 id
1102 2165 1310 2217 precibus
1349 2166 1625 2217 suffragante
1654 2178 1753 2206 nos-

112 2229 282 2280 trisque
311 2230 522 2270 Patribus
551 2233 594 2270 et
623 2231 853 2282 fratribus)
885 2231 1057 2282 aliquid
1086 2231 1134 2270 in
1163 2231 1355 2270 concilio
1385 2234 1609 2271 statuatur
1639 2232 1753 2271 vnde

113 2293 210 2334 iure
252 2295 409 2335 laetari
439 2296 670 2348 Deumque
714 2297 864 2336 auimo
910 2297 1076 2336 maiore
1120 2297 1304 2336 laudare
1348 2297 1618 2346 ‹Teheamus;
1651 2297 1753 2337 licet

111 2361 261 2400 tamen
291 2361 435 2411 parati
465 2362 521 2401 ad
551 2374 729 2402 omnem
758 2364 970 2402 euentum
1010 2362 1154 2402 simus
1183 2364 1213 2402 2.

192 2426 230 2465 2.
264 2426 511 2478 Episcopus
542 2427 799 2468 Mendamm
831 2429 860 2475 ³,
886 2427 1155 2467 moecenatis
1187 2428 1327 2467 nostri
1349 2428 1571 2468 demortui
1601 2429 1749 2477 frater,

112 2490 292 2542 scripsit
319 2492 375 2531 ad
397 2492 551 2532 Patres
571 2495 749 2533 nostros
771 2505 817 2533 se
848 2496 1102 2533 nostrorum
1134 2493 1274 2532 teneri
1306 2494 1554 2533 vehementi
1584 2494 1750 2541 studio,

111 2567 354 2608 eorumque
384 2570 651 2609 magnopere
681 2559 933 2599 desiderare
961 2558 1347 2606 consuetudinem,
1371 2559 1572 2610 duosque
1602 2562 1753 2610 postu-

111 2621 239 2664 lauit,
271 2623 349 2674 qui
380 2635 510 2663 suum
542 2624 719 2664 obirent
747 2625 1053 2676 episcopatum
1085 2627 1127 2663 et
1169 2624 1479 2671 concionibus,
1512 2625 1752 2665 confessio-

173 2760 192 2779 a
213 2761 313 2785 nunc
336 2753 464 2786 dicant
487 2763 615 2795 supra
638 2764 753 2791 vers„
769 2755 907 2787 deletis
921 2756 999 2787 sint
1013 2755 1170 2796 polliciti
1184 2754 1241 2797 (⁹2).
1259 2773 1300 2776 —
1314 2755 1331 2781 b
1352 2755 1435 2786 Del.
1450 2756 1497 2787 et.
1516 2774 1555 2777 —
1575 2764 1589 2783 c
1609 2755 1748 2790 Praec.

110 2814 146 2838 v.
171 2805 334 2839 obscure
357 2810 583 2840 eoearatmn.
608 2827 648 2830 —
671 2808 690 2835 d
711 2809 830 2841 nostri
854 2819 981 2851 snpra
1009 2820 1107 2844 vers.
1126 2831 1166 2835 —
1191 2822 1206 2840 e
1227 2823 1288 2846 vc.
1313 2813 1479 2855 quod-sit
1503 2813 1545 2844 in
1564 2821 1693 2853 mary.
1711 2830 1751 2834 —

112 2858 126 2885 f
150 2858 232 2892 Del.
257 2869 314 2892 eX.

175 2980 185 2997 ¹
208 2978 302 3012 Vide
325 2989 385 3022 pp.
410 2981 561 3014 487-488.

172 3033 185 3052 ⁹
207 3031 301 3065 Vide
324 3043 358 3074 p.
382 3034 455 3070 488,
481 3035 609 3067 annot.
633 3036 665 3068 4.

172 3086 186 3105 ³
207 3085 384 3119 Nicolaus
407 3087 562 3130 Dangie.
587 3087 638 3121 Cf.
664 3089 810 3121 Lainii
832 3090 1025 3129 Menum„
1050 3092 1111 3132 VI,
1136 3093 1187 3125 326.
