<?xml version="1.0" encoding="UTF-8"?>
<!DOCTYPE html PUBLIC "-//W3C//DTD XHTML 1.0 Transitional//EN"
    "http://www.w3.org/TR/xhtml1/DTD/xhtml1-transitional.dtd">
<html xmlns="http://www.w3.org/1999/xhtml" xml:lang="en" lang="en">
 <head>
  <title>
</title>
<meta http-equiv="Content-Type" content="text/html;charset=utf-8" />
  <meta name='ocr-system' content='tesseract 3.04.00' />
  <meta name='ocr-capabilities' content='ocr_page ocr_carea ocr_par ocr_line ocrx_word'/>
</head>
<body>
  <div class='ocr_page' id='page_1' title='image "./litteraequadrime1907lain_0672.png"; bbox 0 0 2028 3531; ppageno 0'>
   <div class='ocr_carea' id='block_1_1' title="bbox 327 269 1383 317">
    <p class='ocr_par' dir='ltr' id='par_1_1' title="bbox 327 269 1383 317">
     <span class='ocr_line' id='line_1_1' title="bbox 327 269 1383 317; baseline 0.006 -14"><span class='ocrx_word' id='word_1_1' title='bbox 327 269 397 304; x_wconf 69' lang='lat'><em>646</em></span> <span class='ocrx_word' id='word_1_2' title='bbox 799 270 1002 308; x_wconf 68' lang='grc' dir='ltr'><strong>ΙΛΤΤΕΒΑΕ</strong></span> <span class='ocrx_word' id='word_1_3' title='bbox 1040 272 1383 317; x_wconf 69' lang='grc' dir='ltr'>ΩυΑῡκιΜΕετΒΕε</span> 
     </span>
    </p>
   </div>
   <div class='ocr_carea' id='block_1_2' title="bbox 609 467 1596 655">
    <p class='ocr_par' dir='ltr' id='par_1_2' title="bbox 609 467 1596 655">
     <span class='ocr_line' id='line_1_2' title="bbox 1036 467 1147 514; baseline 0 0"><span class='ocrx_word' id='word_1_4' title='bbox 1036 467 1147 514; x_wconf 89' lang='grc'><em>600</em></span> 
     </span>
     <span class='ocr_line' id='line_1_3' title="bbox 609 605 1596 655; baseline 0.002 -2"><span class='ocrx_word' id='word_1_5' title='bbox 609 605 1020 654; x_wconf 74' lang='lat' dir='ltr'>FRANCISCUS</span> <span class='ocrx_word' id='word_1_6' title='bbox 1070 605 1158 655; x_wconf 83' lang='lat' dir='ltr'><em>DE</em></span> <span class='ocrx_word' id='word_1_7' title='bbox 1207 605 1596 655; x_wconf 74' lang='lat' dir='ltr'>MONCLARO</span> 
     </span>
    </p>
   </div>
   <div class='ocr_carea' id='block_1_3' title="bbox 754 743 1431 779">
    <p class='ocr_par' dir='ltr' id='par_1_3' title="bbox 754 743 1431 779">
     <span class='ocr_line' id='line_1_4' title="bbox 754 743 1431 779; baseline 0.001 -2"><span class='ocrx_word' id='word_1_8' title='bbox 754 752 1000 778; x_wconf 65' lang='lat' dir='ltr'><em>commistum</em></span> <span class='ocrx_word' id='word_1_9' title='bbox 1034 743 1044 777; x_wconf 95' lang='lat' dir='ltr'>l</span> <span class='ocrx_word' id='word_1_10' title='bbox 1078 752 1264 778; x_wconf 74' lang='lat' dir='ltr'><strong>JANUARH</strong></span> <span class='ocrx_word' id='word_1_11' title='bbox 1294 743 1383 779; x_wconf 70' lang='lat'><em>1560).</em></span> <span class='ocrx_word' id='word_1_12' title='bbox 1409 744 1431 778; x_wconf 79' lang='lat'><em>².</em></span> 
     </span>
    </p>
   </div>
   <div class='ocr_carea' id='block_1_4' title="bbox 282 860 1910 1950">
    <p class='ocr_par' dir='ltr' id='par_1_4' title="bbox 282 860 1910 1950">
     <span class='ocr_line' id='line_1_5' title="bbox 282 860 1902 912; baseline 0.002 -14"><span class='ocrx_word' id='word_1_13' title='bbox 282 864 319 898; x_wconf 86' lang='lat'><em>1.</em></span> <span class='ocrx_word' id='word_1_14' title='bbox 351 860 582 899; x_wconf 77' lang='lat' dir='ltr'><em>Sociorum</em></span> <span class='ocrx_word' id='word_1_15' title='bbox 612 862 831 901; x_wconf 83' lang='lat' dir='ltr'><em>valetudo.</em></span> <span class='ocrx_word' id='word_1_16' title='bbox 867 863 1105 901; x_wconf 77' lang='lat' dir='ltr'><em>Numerus.</em></span> <span class='ocrx_word' id='word_1_17' title='bbox 1135 863 1363 912; x_wconf 66' lang='lat' dir='ltr'><em>Religiosa</em></span> <span class='ocrx_word' id='word_1_18' title='bbox 1393 863 1647 912; x_wconf 76' lang='lat' dir='ltr'><em>disciplina.</em></span> <span class='ocrx_word' id='word_1_19' title='bbox 1672 885 1720 890; x_wconf 90' lang='lat'><em>--</em></span> <span class='ocrx_word' id='word_1_20' title='bbox 1752 866 1793 902; x_wconf 89' lang='grc'><em>2.</em></span> <span class='ocrx_word' id='word_1_21' title='bbox 1814 864 1902 902; x_wconf 88' lang='grc' dir='ltr'><em>Ρα-</em></span> 
     </span>
     <span class='ocr_line' id='line_1_6' title="bbox 391 926 1904 967; baseline 0.003 -4"><span class='ocrx_word' id='word_1_22' title='bbox 391 926 475 963; x_wconf 83' lang='lat' dir='ltr'><em>tris</em></span> <span class='ocrx_word' id='word_1_23' title='bbox 497 926 646 964; x_wconf 75' lang='lat' dir='ltr'><em>Nadal</em></span> <span class='ocrx_word' id='word_1_24' title='bbox 676 927 982 966; x_wconf 65' lang='lat' dir='ltr'><em>ordinationes</em></span> <span class='ocrx_word' id='word_1_25' title='bbox 1012 929 1056 965; x_wconf 87' lang='lat' dir='ltr'><em>in</em></span> <span class='ocrx_word' id='word_1_26' title='bbox 1089 940 1223 966; x_wconf 83' lang='lat' dir='ltr'><em>usum</em></span> <span class='ocrx_word' id='word_1_27' title='bbox 1246 928 1540 966; x_wconf 86' lang='lat' dir='ltr'><em>deducuntur.</em></span> <span class='ocrx_word' id='word_1_28' title='bbox 1561 929 1904 967; x_wconf 75' lang='lat' dir='ltr'><em>Exhortationes</em></span> 
     </span>
     <span class='ocr_line' id='line_1_7' title="bbox 390 990 1905 1042; baseline 0.002 -14"><span class='ocrx_word' id='word_1_29' title='bbox 390 990 430 1028; x_wconf 84' lang='lat' dir='ltr'><em>et</em></span> <span class='ocrx_word' id='word_1_30' title='bbox 472 991 731 1030; x_wconf 77' lang='lat' dir='ltr'><em>collationes</em></span> <span class='ocrx_word' id='word_1_31' title='bbox 777 993 827 1030; x_wconf 81' lang='lat' dir='ltr'><em>de</em></span> <span class='ocrx_word' id='word_1_32' title='bbox 869 992 998 1030; x_wconf 78' lang='lat' dir='ltr'><em>rebus</em></span> <span class='ocrx_word' id='word_1_33' title='bbox 1044 992 1360 1042; x_wconf 73' lang='lat' dir='ltr'><em>spiritualibus</em></span> <span class='ocrx_word' id='word_1_34' title='bbox 1405 993 1637 1032; x_wconf 74' lang='lat' dir='ltr'><em>habentur.</em></span> <span class='ocrx_word' id='word_1_35' title='bbox 1691 994 1905 1031; x_wconf 82' lang='lat' dir='ltr'><em>Tironum</em></span> 
     </span>
     <span class='ocr_line' id='line_1_8' title="bbox 390 1056 1904 1107; baseline 0.003 -15"><span class='ocrx_word' id='word_1_36' title='bbox 390 1066 622 1094; x_wconf 83' lang='lat' dir='ltr'><em>numerus.</em></span> <span class='ocrx_word' id='word_1_37' title='bbox 666 1056 916 1095; x_wconf 74' lang='lat' dir='ltr'><em>Institutio.</em></span> <span class='ocrx_word' id='word_1_38' title='bbox 948 1078 997 1082; x_wconf 93' lang='lat'><em>——</em></span> <span class='ocrx_word' id='word_1_39' title='bbox 1029 1060 1070 1095; x_wconf 91' lang='grc'><em>3.</em></span> <span class='ocrx_word' id='word_1_40' title='bbox 1099 1057 1258 1095; x_wconf 78' lang='lat' dir='ltr'><em>Preces</em></span> <span class='ocrx_word' id='word_1_41' title='bbox 1281 1069 1366 1106; x_wconf 84' lang='lat' dir='ltr'><em>pro</em></span> <span class='ocrx_word' id='word_1_42' title='bbox 1410 1057 1637 1107; x_wconf 71' lang='lat' dir='ltr'><em>aliquibus</em></span> <span class='ocrx_word' id='word_1_43' title='bbox 1670 1058 1904 1096; x_wconf 84' lang='lat' dir='ltr'><em>necessita-</em></span> 
     </span>
     <span class='ocr_line' id='line_1_9' title="bbox 394 1119 1906 1172; baseline 0.002 -15"><span class='ocrx_word' id='word_1_44' title='bbox 394 1119 523 1158; x_wconf 80' lang='lat' dir='ltr'><em>tibus.</em></span> <span class='ocrx_word' id='word_1_45' title='bbox 560 1143 605 1146; x_wconf 97' lang='lat'><strong>—</strong></span> <span class='ocrx_word' id='word_1_46' title='bbox 633 1124 677 1159; x_wconf 82' lang='lat'><em>4.</em></span> <span class='ocrx_word' id='word_1_47' title='bbox 708 1120 825 1160; x_wconf 85' lang='lat' dir='ltr'><em>Socii</em></span> <span class='ocrx_word' id='word_1_48' title='bbox 867 1122 958 1160; x_wconf 80' lang='lat' dir='ltr'><em>alio</em></span> <span class='ocrx_word' id='word_1_49' title='bbox 989 1123 1132 1160; x_wconf 82' lang='lat' dir='ltr'><em>missi.</em></span> <span class='ocrx_word' id='word_1_50' title='bbox 1178 1122 1388 1171; x_wconf 69' lang='lat' dir='ltr'><em>Epistula</em></span> <span class='ocrx_word' id='word_1_51' title='bbox 1425 1134 1580 1161; x_wconf 84' lang='lat' dir='ltr'><em>eorum</em></span> <span class='ocrx_word' id='word_1_52' title='bbox 1610 1124 1686 1172; x_wconf 78' lang='lat' dir='ltr'><em>qui</em></span> <span class='ocrx_word' id='word_1_53' title='bbox 1714 1123 1906 1172; x_wconf 65' lang='lat' dir='ltr'><em>Brigan-</em></span> 
     </span>
     <span class='ocr_line' id='line_1_10' title="bbox 394 1185 1907 1237; baseline 0.002 -15"><span class='ocrx_word' id='word_1_54' title='bbox 394 1185 503 1223; x_wconf 82' lang='lat' dir='ltr'><em>tiam</em></span> <span class='ocrx_word' id='word_1_55' title='bbox 533 1187 663 1224; x_wconf 84' lang='lat' dir='ltr'><em>missi</em></span> <span class='ocrx_word' id='word_1_56' title='bbox 690 1188 811 1225; x_wconf 85' lang='lat' dir='ltr'><em>sunt.</em></span> <span class='ocrx_word' id='word_1_57' title='bbox 835 1209 884 1212; x_wconf 97' lang='lat'><strong>—</strong></span> <span class='ocrx_word' id='word_1_58' title='bbox 914 1191 956 1225; x_wconf 89' lang='lat'><em>5.</em></span> <span class='ocrx_word' id='word_1_59' title='bbox 986 1188 1215 1236; x_wconf 71' lang='lat' dir='ltr'><em>Frequens</em></span> <span class='ocrx_word' id='word_1_60' title='bbox 1245 1199 1489 1225; x_wconf 75' lang='lat' dir='ltr'><em>concursus</em></span> <span class='ocrx_word' id='word_1_61' title='bbox 1518 1187 1576 1226; x_wconf 83' lang='lat' dir='ltr'><em>ad</em></span> <span class='ocrx_word' id='word_1_62' title='bbox 1603 1187 1907 1237; x_wconf 80' lang='lat' dir='ltr'><em>paenitentiae</em></span> 
     </span>
     <span class='ocr_line' id='line_1_11' title="bbox 392 1251 1905 1301; baseline 0.002 -15"><span class='ocrx_word' id='word_1_63' title='bbox 392 1251 740 1288; x_wconf 77' lang='lat' dir='ltr'><em>sacramentum.</em></span> <span class='ocrx_word' id='word_1_64' title='bbox 784 1252 1038 1290; x_wconf 85' lang='lat' dir='ltr'><em>Peccatoris</em></span> <span class='ocrx_word' id='word_1_65' title='bbox 1064 1263 1203 1301; x_wconf 85' lang='lat' dir='ltr'><em>paene</em></span> <span class='ocrx_word' id='word_1_66' title='bbox 1247 1251 1469 1300; x_wconf 78' lang='lat' dir='ltr'><em>desperati</em></span> <span class='ocrx_word' id='word_1_67' title='bbox 1510 1253 1752 1290; x_wconf 78' lang='lat' dir='ltr'><em>conversio.</em></span> <span class='ocrx_word' id='word_1_68' title='bbox 1785 1273 1832 1277; x_wconf 79' lang='lat'><em>-</em></span> <span class='ocrx_word' id='word_1_69' title='bbox 1864 1254 1905 1289; x_wconf 84' lang='lat'><em>6.</em></span> 
     </span>
     <span class='ocr_line' id='line_1_12' title="bbox 392 1314 1908 1366; baseline 0.002 -15"><span class='ocrx_word' id='word_1_70' title='bbox 392 1314 493 1352; x_wconf 69' lang='lat' dir='ltr'><em>Paae</em></span> <span class='ocrx_word' id='word_1_71' title='bbox 535 1315 654 1353; x_wconf 83' lang='lat' dir='ltr'><em>inter</em></span> <span class='ocrx_word' id='word_1_72' title='bbox 695 1317 915 1354; x_wconf 81' lang='lat' dir='ltr'><em>moniales</em></span> <span class='ocrx_word' id='word_1_73' title='bbox 958 1317 1249 1365; x_wconf 79' lang='lat' dir='ltr'><em>componitur,</em></span> <span class='ocrx_word' id='word_1_74' title='bbox 1281 1317 1320 1354; x_wconf 87' lang='lat' dir='ltr'><em>et</em></span> <span class='ocrx_word' id='word_1_75' title='bbox 1362 1316 1599 1365; x_wconf 62' lang='lat' dir='ltr'><em>religiosae</em></span> <span class='ocrx_word' id='word_1_76' title='bbox 1623 1317 1908 1366; x_wconf 83' lang='lat' dir='ltr'><em>perfect-ionis</em></span> 
     </span>
     <span class='ocr_line' id='line_1_13' title="bbox 394 1381 1906 1430; baseline 0.001 -13"><span class='ocrx_word' id='word_1_77' title='bbox 394 1391 523 1417; x_wconf 76' lang='lat' dir='ltr'><em>anmr</em></span> <span class='ocrx_word' id='word_1_78' title='bbox 563 1381 867 1419; x_wconf 76' lang='lat' dir='ltr'><em>instauratur.</em></span> <span class='ocrx_word' id='word_1_79' title='bbox 900 1403 946 1407; x_wconf 92' lang='lat'><em>——</em></span> <span class='ocrx_word' id='word_1_80' title='bbox 981 1385 1071 1419; x_wconf 87' lang='grc'><strong>7-8.</strong></span> <span class='ocrx_word' id='word_1_81' title='bbox 1115 1381 1224 1419; x_wconf 85' lang='lat' dir='ltr'><em>Acta</em></span> <span class='ocrx_word' id='word_1_82' title='bbox 1267 1383 1314 1419; x_wconf 86' lang='lat' dir='ltr'><em>in</em></span> <span class='ocrx_word' id='word_1_83' title='bbox 1358 1382 1519 1419; x_wconf 76' lang='lat' dir='ltr'><em>vicinis</em></span> <span class='ocrx_word' id='word_1_84' title='bbox 1561 1381 1749 1430; x_wconf 76' lang='lat' dir='ltr'><em>oppidis.</em></span> <span class='ocrx_word' id='word_1_85' title='bbox 1785 1403 1836 1406; x_wconf 97' lang='lat'><strong>—</strong></span> <span class='ocrx_word' id='word_1_86' title='bbox 1865 1384 1906 1418; x_wconf 88' lang='grc'><em>9.</em></span> 
     </span>
     <span class='ocr_line' id='line_1_14' title="bbox 399 1443 1909 1495; baseline 0.001 -14"><span class='ocrx_word' id='word_1_87' title='bbox 399 1443 582 1494; x_wconf 67' lang='lat' dir='ltr'><em>Colleyii</em></span> <span class='ocrx_word' id='word_1_88' title='bbox 625 1446 965 1484; x_wconf 84' lang='lat' dir='ltr'><em>contionatores.</em></span> <span class='ocrx_word' id='word_1_89' title='bbox 1000 1468 1048 1471; x_wconf 91' lang='lat'><strong>—</strong></span> <span class='ocrx_word' id='word_1_90' title='bbox 1077 1450 1146 1483; x_wconf 90' lang='lat'><em>10.</em></span> <span class='ocrx_word' id='word_1_91' title='bbox 1181 1446 1397 1484; x_wconf 83' lang='lat' dir='ltr'><em>Caritatis</em></span> <span class='ocrx_word' id='word_1_92' title='bbox 1426 1445 1567 1493; x_wconf 77' lang='lat' dir='ltr'><em>officia</em></span> <span class='ocrx_word' id='word_1_93' title='bbox 1595 1458 1703 1495; x_wconf 66' lang='lat' dir='ltr'><em>erga</em></span> <span class='ocrx_word' id='word_1_94' title='bbox 1731 1458 1803 1484; x_wconf 89' lang='lat' dir='ltr'><em>eos</em></span> <span class='ocrx_word' id='word_1_95' title='bbox 1833 1446 1909 1494; x_wconf 80' lang='lat' dir='ltr'><em>qui</em></span> 
     </span>
     <span class='ocr_line' id='line_1_15' title="bbox 393 1510 1909 1560; baseline 0.001 -13"><span class='ocrx_word' id='word_1_96' title='bbox 393 1510 443 1546; x_wconf 82' lang='lat' dir='ltr'><em>in</em></span> <span class='ocrx_word' id='word_1_97' title='bbox 472 1521 644 1547; x_wconf 81' lang='lat' dir='ltr'><em>carcere</em></span> <span class='ocrx_word' id='word_1_98' title='bbox 674 1510 942 1548; x_wconf 74' lang='lat' dir='ltr'><em>detinentur.</em></span> <span class='ocrx_word' id='word_1_99' title='bbox 967 1533 1016 1536; x_wconf 97' lang='lat'><strong>—</strong></span> <span class='ocrx_word' id='word_1_100' title='bbox 1040 1515 1104 1548; x_wconf 85' lang='lat'><em>11.</em></span> <span class='ocrx_word' id='word_1_101' title='bbox 1126 1511 1393 1560; x_wconf 71' lang='lat' dir='ltr'><em>Principum</em></span> <span class='ocrx_word' id='word_1_102' title='bbox 1415 1510 1728 1549; x_wconf 83' lang='lat' dir='ltr'><em>benevolentia.</em></span> <span class='ocrx_word' id='word_1_103' title='bbox 1749 1511 1909 1548; x_wconf 85' lang='lat' dir='ltr'><em>Haere-</em></span> 
     </span>
     <span class='ocr_line' id='line_1_16' title="bbox 396 1574 1909 1625; baseline 0.001 -14"><span class='ocrx_word' id='word_1_104' title='bbox 396 1574 514 1612; x_wconf 83' lang='lat' dir='ltr'><em>ditas</em></span> <span class='ocrx_word' id='word_1_105' title='bbox 543 1576 749 1613; x_wconf 88' lang='lat' dir='ltr'><em>recusata</em></span> <span class='ocrx_word' id='word_1_106' title='bbox 778 1588 990 1625; x_wconf 63' lang='lat' dir='ltr'><em>magnam</em></span> <span class='ocrx_word' id='word_1_107' title='bbox 1013 1577 1145 1614; x_wconf 85' lang='lat' dir='ltr'><em>sociis</em></span> <span class='ocrx_word' id='word_1_108' title='bbox 1174 1576 1552 1614; x_wconf 69' lang='lat' dir='ltr'><em>existimationem</em></span> <span class='ocrx_word' id='word_1_109' title='bbox 1575 1576 1714 1625; x_wconf 83' lang='lat' dir='ltr'><em>parit.</em></span> <span class='ocrx_word' id='word_1_110' title='bbox 1739 1575 1909 1613; x_wconf 84' lang='lat' dir='ltr'><em>Nobilis</em></span> 
     </span>
     <span class='ocr_line' id='line_1_17' title="bbox 395 1639 1906 1690; baseline 0.001 -14"><span class='ocrx_word' id='word_1_111' title='bbox 395 1639 563 1687; x_wconf 81' lang='lat' dir='ltr'><em>femina</em></span> <span class='ocrx_word' id='word_1_112' title='bbox 593 1641 641 1678; x_wconf 85' lang='lat' dir='ltr'><em>in</em></span> <span class='ocrx_word' id='word_1_113' title='bbox 663 1641 827 1679; x_wconf 80' lang='lat' dir='ltr'><em>virtute</em></span> <span class='ocrx_word' id='word_1_114' title='bbox 846 1641 1154 1689; x_wconf 79' lang='lat' dir='ltr'><em>confirmatur.</em></span> <span class='ocrx_word' id='word_1_115' title='bbox 1178 1641 1276 1678; x_wconf 64' lang='lat' dir='ltr'><em>Pam</em></span> <span class='ocrx_word' id='word_1_116' title='bbox 1298 1641 1415 1678; x_wconf 85' lang='lat' dir='ltr'><em>inter</em></span> <span class='ocrx_word' id='word_1_117' title='bbox 1435 1642 1619 1690; x_wconf 62' lang='lat' dir='ltr'><em>coniuge</em></span> <span class='ocrx_word' id='word_1_118' title='bbox 1638 1640 1906 1678; x_wconf 82' lang='lat' dir='ltr'><em>stsabilitur.</em></span> 
     </span>
     <span class='ocr_line' id='line_1_18' title="bbox 396 1705 1909 1755; baseline 0.001 -13"><span class='ocrx_word' id='word_1_119' title='bbox 396 1726 446 1730; x_wconf 83' lang='lat'><em>——</em></span> <span class='ocrx_word' id='word_1_120' title='bbox 474 1708 544 1743; x_wconf 90' lang='lat'><em>12.</em></span> <span class='ocrx_word' id='word_1_121' title='bbox 575 1705 689 1743; x_wconf 81' lang='lat' dir='ltr'><em>Novi</em></span> <span class='ocrx_word' id='word_1_122' title='bbox 719 1706 870 1755; x_wconf 83' lang='lat' dir='ltr'><em>templi</em></span> <span class='ocrx_word' id='word_1_123' title='bbox 906 1706 1165 1754; x_wconf 78' lang='lat' dir='ltr'><em>aedificatio.</em></span> <span class='ocrx_word' id='word_1_124' title='bbox 1197 1728 1245 1731; x_wconf 97' lang='lat'><strong>—</strong></span> <span class='ocrx_word' id='word_1_125' title='bbox 1274 1709 1344 1744; x_wconf 84' lang='lat'><em>13.</em></span> <span class='ocrx_word' id='word_1_126' title='bbox 1378 1705 1641 1745; x_wconf 87' lang='lat' dir='ltr'><em>Studiorum</em></span> <span class='ocrx_word' id='word_1_127' title='bbox 1678 1706 1909 1744; x_wconf 87' lang='lat' dir='ltr'><em>instaura-</em></span> 
     </span>
     <span class='ocr_line' id='line_1_19' title="bbox 398 1769 1910 1819; baseline 0.001 -12"><span class='ocrx_word' id='word_1_128' title='bbox 398 1771 472 1808; x_wconf 82' lang='lat' dir='ltr'><em>tio.</em></span> <span class='ocrx_word' id='word_1_129' title='bbox 506 1769 876 1809; x_wconf 79' lang='lat' dir='ltr'><em>Scliolasticorum</em></span> <span class='ocrx_word' id='word_1_130' title='bbox 910 1783 1140 1819; x_wconf 81' lang='lat' dir='ltr'><em>numerus,</em></span> <span class='ocrx_word' id='word_1_131' title='bbox 1170 1772 1410 1818; x_wconf 77' lang='lat' dir='ltr'><em>institutio,</em></span> <span class='ocrx_word' id='word_1_132' title='bbox 1435 1783 1594 1809; x_wconf 85' lang='lat' dir='ltr'><em>mores.</em></span> <span class='ocrx_word' id='word_1_133' title='bbox 1632 1770 1910 1809; x_wconf 81' lang='lat' dir='ltr'><em>Convictores</em></span> 
     </span>
     <span class='ocr_line' id='line_1_20' title="bbox 395 1835 1910 1885; baseline 0.001 -13"><span class='ocrx_word' id='word_1_134' title='bbox 395 1837 631 1884; x_wconf 74' lang='lat' dir='ltr'><em>praecipue</em></span> <span class='ocrx_word' id='word_1_135' title='bbox 662 1836 923 1874; x_wconf 72' lang='lat' dir='ltr'><em>laiulantur.</em></span> <span class='ocrx_word' id='word_1_136' title='bbox 955 1836 1169 1885; x_wconf 64' lang='lat' dir='ltr'><em>Magistri</em></span> <span class='ocrx_word' id='word_1_137' title='bbox 1200 1848 1226 1873; x_wconf 91' lang='lat' dir='ltr'><em>a</em></span> <span class='ocrx_word' id='word_1_138' title='bbox 1256 1836 1491 1885; x_wconf 78' lang='lat' dir='ltr'><em>discipulis</em></span> <span class='ocrx_word' id='word_1_139' title='bbox 1522 1836 1751 1874; x_wconf 75' lang='lat' dir='ltr'><em>finiantur.</em></span> <span class='ocrx_word' id='word_1_140' title='bbox 1788 1835 1910 1873; x_wconf 85' lang='lat' dir='ltr'><em>Cres-</em></span> 
     </span>
     <span class='ocr_line' id='line_1_21' title="bbox 398 1901 1384 1950; baseline 0.001 -12"><span class='ocrx_word' id='word_1_141' title='bbox 398 1901 455 1938; x_wconf 86' lang='lat' dir='ltr'><em>cit</em></span> <span class='ocrx_word' id='word_1_142' title='bbox 484 1901 740 1939; x_wconf 81' lang='lat' dir='ltr'><em>scholarum</em></span> <span class='ocrx_word' id='word_1_143' title='bbox 770 1901 889 1950; x_wconf 85' lang='lat' dir='ltr'><em>apud</em></span> <span class='ocrx_word' id='word_1_144' title='bbox 919 1901 1065 1939; x_wconf 83' lang='lat' dir='ltr'><em>doctos</em></span> <span class='ocrx_word' id='word_1_145' title='bbox 1095 1902 1384 1939; x_wconf 72' lang='lat' dir='ltr'><em>existimatio.</em></span> 
     </span>
    </p>
   </div>
   <div class='ocr_carea' id='block_1_5' title="bbox 292 2023 1916 2660">
    <p class='ocr_par' dir='ltr' id='par_1_5' title="bbox 292 2023 1915 2530">
     <span class='ocr_line' id='line_1_22' title="bbox 374 2023 1912 2075; baseline -0.001 -12"><span class='ocrx_word' id='word_1_146' title='bbox 374 2025 409 2064; x_wconf 90' lang='lat'><em>1.</em></span> <span class='ocrx_word' id='word_1_147' title='bbox 442 2024 470 2073; x_wconf 46' lang='grc' dir='ltr'><em>ἦ</em></span> <span class='ocrx_word' id='word_1_148' title='bbox 502 2023 590 2063; x_wconf 75' lang='grc'><strong>105.</strong></span> <span class='ocrx_word' id='word_1_149' title='bbox 624 2025 724 2075; x_wconf 86' lang='lat' dir='ltr'><em>Muy</em></span> <span class='ocrx_word' id='word_1_150' title='bbox 756 2025 831 2064; x_wconf 84' lang='lat' dir='ltr'><em>R.0</em></span> <span class='ocrx_word' id='word_1_151' title='bbox 867 2036 921 2063; x_wconf 91' lang='grc'><em>60</em></span> <span class='ocrx_word' id='word_1_152' title='bbox 952 2024 1028 2063; x_wconf 89' lang='lat' dir='ltr'><em>X.0</em></span> <span class='ocrx_word' id='word_1_153' title='bbox 1064 2024 1110 2065; x_wconf 87' lang='lat' dir='ltr'><em>P.</em></span> <span class='ocrx_word' id='word_1_154' title='bbox 1145 2024 1201 2063; x_wconf 76' lang='lat' dir='ltr'><em>ha</em></span> <span class='ocrx_word' id='word_1_155' title='bbox 1232 2024 1377 2074; x_wconf 75' lang='lat' dir='ltr'><em>gracia</em></span> <span class='ocrx_word' id='word_1_156' title='bbox 1407 2036 1434 2075; x_wconf 87' lang='lat' dir='ltr'><strong>y</strong></span> <span class='ocrx_word' id='word_1_157' title='bbox 1465 2036 1588 2063; x_wconf 85' lang='lat' dir='ltr'><em>amor</em></span> <span class='ocrx_word' id='word_1_158' title='bbox 1625 2023 1694 2063; x_wconf 84' lang='lat' dir='ltr'><em>del</em></span> <span class='ocrx_word' id='word_1_159' title='bbox 1738 2023 1912 2074; x_wconf 81' lang='lat' dir='ltr'><em>Esprito</em></span> 
     </span>
     <span class='ocr_line' id='line_1_23' title="bbox 292 2088 1914 2141; baseline -0.001 -13"><span class='ocrx_word' id='word_1_160' title='bbox 292 2089 428 2129; x_wconf 85' lang='lat' dir='ltr'><em>Santo</em></span> <span class='ocrx_word' id='word_1_161' title='bbox 458 2101 532 2128; x_wconf 88' lang='lat' dir='ltr'><em>sea</em></span> <span class='ocrx_word' id='word_1_162' title='bbox 561 2102 731 2141; x_wconf 82' lang='lat' dir='ltr'><em>sempre</em></span> <span class='ocrx_word' id='word_1_163' title='bbox 760 2103 814 2130; x_wconf 87' lang='lat' dir='ltr'><em>en</em></span> <span class='ocrx_word' id='word_1_164' title='bbox 847 2092 1050 2130; x_wconf 82' lang='lat' dir='ltr'><em>nuestras</em></span> <span class='ocrx_word' id='word_1_165' title='bbox 1078 2089 1253 2128; x_wconf 68' lang='lat' dir='ltr'><em>animas</em></span> <span class='ocrx_word' id='word_1_166' title='bbox 1282 2096 1314 2128; x_wconf 66' lang='lat' dir='ltr'><em>a.</em></span> <span class='ocrx_word' id='word_1_167' title='bbox 1349 2088 1504 2128; x_wconf 73' lang='lat' dir='ltr'><em>Amen.</em></span> <span class='ocrx_word' id='word_1_168' title='bbox 1528 2088 1669 2140; x_wconf 86' lang='lat' dir='ltr'><em>[Socii</em></span> <span class='ocrx_word' id='word_1_169' title='bbox 1707 2090 1820 2128; x_wconf 89' lang='lat' dir='ltr'><em>bona</em></span> <span class='ocrx_word' id='word_1_170' title='bbox 1840 2091 1914 2128; x_wconf 81' lang='lat' dir='ltr'><em>usi</em></span> 
     </span>
     <span class='ocr_line' id='line_1_24' title="bbox 293 2152 1914 2206; baseline -0.001 -13"><span class='ocrx_word' id='word_1_171' title='bbox 293 2157 399 2194; x_wconf 87' lang='lat' dir='ltr'><em>sunt</em></span> <span class='ocrx_word' id='word_1_172' title='bbox 429 2156 694 2204; x_wconf 78' lang='lat' dir='ltr'><em>valetudine,</em></span> <span class='ocrx_word' id='word_1_173' title='bbox 724 2158 903 2206; x_wconf 83' lang='lat' dir='ltr'><em>praeter</em></span> <span class='ocrx_word' id='word_1_174' title='bbox 931 2168 1075 2195; x_wconf 83' lang='lat' dir='ltr'><em>unum</em></span> <span class='ocrx_word' id='word_1_175' title='bbox 1105 2157 1181 2204; x_wconf 76' lang='lat' dir='ltr'><em>qui</em></span> <span class='ocrx_word' id='word_1_176' title='bbox 1215 2156 1429 2194; x_wconf 79' lang='lat' dir='ltr'><em>continua</em></span> <span class='ocrx_word' id='word_1_177' title='bbox 1458 2155 1569 2204; x_wconf 72' lang='lat' dir='ltr'><em>febri</em></span> <span class='ocrx_word' id='word_1_178' title='bbox 1601 2153 1807 2205; x_wconf 79' lang='lat' dir='ltr'><em>laboratJ.</em></span> <span class='ocrx_word' id='word_1_179' title='bbox 1839 2152 1914 2192; x_wconf 88' lang='lat' dir='ltr'><em>So-</em></span> 
     </span>
     <span class='ocr_line' id='line_1_25' title="bbox 293 2217 1915 2271; baseline -0.001 -13"><span class='ocrx_word' id='word_1_180' title='bbox 293 2231 389 2259; x_wconf 89' lang='lat' dir='ltr'><em>mos</em></span> <span class='ocrx_word' id='word_1_181' title='bbox 419 2219 522 2271; x_wconf 80' lang='lat' dir='ltr'><em>aqui</em></span> <span class='ocrx_word' id='word_1_182' title='bbox 553 2220 595 2259; x_wconf 83' lang='lat' dir='ltr'><em>al</em></span> <span class='ocrx_word' id='word_1_183' title='bbox 631 2220 864 2271; x_wconf 59' lang='grc' dir='ltr'><strong>106Ζί6016,</strong></span> <span class='ocrx_word' id='word_1_184' title='bbox 896 2220 1037 2270; x_wconf 64' lang='lat' dir='ltr'><em>segt&#39;m</em></span> <span class='ocrx_word' id='word_1_185' title='bbox 1082 2221 1234 2258; x_wconf 83' lang='lat' dir='ltr'><em>uustra</em></span> <span class='ocrx_word' id='word_1_186' title='bbox 1277 2218 1539 2270; x_wconf 80' lang='lat' dir='ltr'><em>paternidad</em></span> <span class='ocrx_word' id='word_1_187' title='bbox 1582 2217 1743 2269; x_wconf 74' lang='lat' dir='ltr'><em>podera</em></span> <span class='ocrx_word' id='word_1_188' title='bbox 1786 2218 1915 2257; x_wconf 82' lang='lat' dir='ltr'><em>saber</em></span> 
     </span>
     <span class='ocr_line' id='line_1_26' title="bbox 294 2283 1913 2336; baseline -0.001 -12"><span class='ocrx_word' id='word_1_189' title='bbox 294 2296 374 2335; x_wconf 84' lang='lat' dir='ltr'><em>por</em></span> <span class='ocrx_word' id='word_1_190' title='bbox 402 2285 441 2324; x_wconf 89' lang='grc'><em>61</em></span> <span class='ocrx_word' id='word_1_191' title='bbox 470 2284 671 2336; x_wconf 69' lang='lat' dir='ltr'><em>catalogo</em></span> <span class='ocrx_word' id='word_1_192' title='bbox 705 2297 790 2336; x_wconf 85' lang='lat' dir='ltr'><em>que</em></span> <span class='ocrx_word' id='word_1_193' title='bbox 822 2297 919 2324; x_wconf 90' lang='lat' dir='ltr'><em>com</em></span> <span class='ocrx_word' id='word_1_194' title='bbox 940 2286 1033 2324; x_wconf 81' lang='lat' dir='ltr'><em>esta</em></span> <span class='ocrx_word' id='word_1_195' title='bbox 1063 2296 1108 2323; x_wconf 86' lang='grc'><strong>56</strong></span> <span class='ocrx_word' id='word_1_196' title='bbox 1138 2283 1331 2329; x_wconf 71' lang='lat' dir='ltr'><em>enbiera,</em></span> <span class='ocrx_word' id='word_1_197' title='bbox 1364 2284 1508 2323; x_wconf 81' lang='lat' dir='ltr'><em>ceinto</em></span> <span class='ocrx_word' id='word_1_198' title='bbox 1537 2296 1563 2334; x_wconf 88' lang='lat' dir='ltr'><strong>y</strong></span> <span class='ocrx_word' id='word_1_199' title='bbox 1593 2283 1795 2330; x_wconf 84' lang='lat' dir='ltr'><em>ochenta,</em></span> <span class='ocrx_word' id='word_1_200' title='bbox 1817 2294 1913 2322; x_wconf 91' lang='lat' dir='ltr'><em>com</em></span> 
     </span>
     <span class='ocr_line' id='line_1_27' title="bbox 294 2347 1915 2401; baseline -0.001 -12"><span class='ocrx_word' id='word_1_201' title='bbox 294 2350 362 2389; x_wconf 91' lang='lat' dir='ltr'><em>los</em></span> <span class='ocrx_word' id='word_1_202' title='bbox 391 2350 444 2389; x_wconf 87' lang='lat' dir='ltr'><em>de</em></span> <span class='ocrx_word' id='word_1_203' title='bbox 473 2349 562 2389; x_wconf 83' lang='lat' dir='ltr'><em>San</em></span> <span class='ocrx_word' id='word_1_204' title='bbox 601 2350 720 2397; x_wconf 86' lang='lat' dir='ltr'><em>Fins,</em></span> <span class='ocrx_word' id='word_1_205' title='bbox 761 2362 845 2401; x_wconf 90' lang='lat' dir='ltr'><em>que</em></span> <span class='ocrx_word' id='word_1_206' title='bbox 883 2361 964 2389; x_wconf 85' lang='lat' dir='ltr'><em>son</em></span> <span class='ocrx_word' id='word_1_207' title='bbox 998 2349 1079 2388; x_wconf 89' lang='lat' dir='ltr'><em>dos</em></span> <span class='ocrx_word' id='word_1_208' title='bbox 1122 2349 1284 2388; x_wconf 80' lang='lat' dir='ltr'><em>Padres</em></span> <span class='ocrx_word' id='word_1_209' title='bbox 1314 2361 1340 2399; x_wconf 76' lang='lat' dir='ltr'><strong>y</strong></span> <span class='ocrx_word' id='word_1_210' title='bbox 1370 2349 1450 2387; x_wconf 91' lang='lat' dir='ltr'><em>dos</em></span> <span class='ocrx_word' id='word_1_211' title='bbox 1483 2348 1734 2396; x_wconf 82' lang='lat' dir='ltr'><em>hermanos,</em></span> <span class='ocrx_word' id='word_1_212' title='bbox 1766 2347 1818 2387; x_wconf 90' lang='grc'><em>(16</em></span> <span class='ocrx_word' id='word_1_213' title='bbox 1848 2348 1915 2387; x_wconf 87' lang='grc'><em>105</em></span> 
     </span>
     <span class='ocr_line' id='line_1_28' title="bbox 294 2412 1911 2465; baseline -0.001 -12"><span class='ocrx_word' id='word_1_214' title='bbox 294 2414 450 2465; x_wconf 81' lang='lat' dir='ltr'><em>quales</em></span> <span class='ocrx_word' id='word_1_215' title='bbox 479 2415 581 2453; x_wconf 83' lang='lat' dir='ltr'><em>trita</em></span> <span class='ocrx_word' id='word_1_216' title='bbox 610 2427 638 2465; x_wconf 86' lang='lat' dir='ltr'><strong>y</strong></span> <span class='ocrx_word' id='word_1_217' title='bbox 668 2417 755 2454; x_wconf 79' lang='lat' dir='ltr'><em>tres</em></span> <span class='ocrx_word' id='word_1_218' title='bbox 785 2426 867 2453; x_wconf 87' lang='lat' dir='ltr'><em>son</em></span> <span class='ocrx_word' id='word_1_219' title='bbox 896 2414 1159 2457; x_wconf 83' lang='lat' dir='ltr'><em>sacerdotes.</em></span> <span class='ocrx_word' id='word_1_220' title='bbox 1191 2426 1217 2464; x_wconf 77' lang='lat' dir='ltr'>y</span> <span class='ocrx_word' id='word_1_221' title='bbox 1247 2414 1314 2453; x_wconf 86' lang='lat' dir='ltr'><em>los</em></span> <span class='ocrx_word' id='word_1_222' title='bbox 1344 2412 1494 2452; x_wconf 76' lang='lat' dir='ltr'><em>demas</em></span> <span class='ocrx_word' id='word_1_223' title='bbox 1537 2424 1619 2452; x_wconf 90' lang='lat' dir='ltr'><em>son</em></span> <span class='ocrx_word' id='word_1_224' title='bbox 1661 2413 1911 2451; x_wconf 85' lang='lat' dir='ltr'><em>hermanos.</em></span> 
     </span>
     <span class='ocr_line' id='line_1_29' title="bbox 297 2478 1013 2530; baseline 0 -12"><span class='ocrx_word' id='word_1_225' title='bbox 297 2478 450 2530; x_wconf 61' lang='lat' dir='ltr'><em>[Viget</em></span> <span class='ocrx_word' id='word_1_226' title='bbox 493 2481 707 2530; x_wconf 65' lang='lat' dir='ltr'><em>religiosa</em></span> <span class='ocrx_word' id='word_1_227' title='bbox 737 2478 1013 2530; x_wconf 60' lang='lat' dir='ltr'><em>disciplinas</em></span> 
     </span>
    </p>

    <p class='ocr_par' dir='ltr' id='par_1_6' title="bbox 296 2541 1916 2660">
     <span class='ocr_line' id='line_1_30' title="bbox 374 2541 1916 2595; baseline -0.002 -12"><span class='ocrx_word' id='word_1_228' title='bbox 374 2544 412 2583; x_wconf 67' lang='lat'><em>02.</em></span> <span class='ocrx_word' id='word_1_229' title='bbox 446 2544 530 2583; x_wconf 80' lang='lat' dir='ltr'><em>Las</em></span> <span class='ocrx_word' id='word_1_230' title='bbox 560 2556 686 2583; x_wconf 80' lang='lat' dir='ltr'><em>cosas</em></span> <span class='ocrx_word' id='word_1_231' title='bbox 715 2556 800 2595; x_wconf 87' lang='lat' dir='ltr'><em>que</em></span> <span class='ocrx_word' id='word_1_232' title='bbox 828 2544 868 2583; x_wconf 90' lang='grc'><em>61</em></span> <span class='ocrx_word' id='word_1_233' title='bbox 901 2543 1039 2582; x_wconf 86' lang='lat' dir='ltr'><em>Padre</em></span> <span class='ocrx_word' id='word_1_234' title='bbox 1071 2544 1258 2582; x_wconf 81' lang='lat' dir='ltr'><em>maestro</em></span> <span class='ocrx_word' id='word_1_235' title='bbox 1284 2542 1424 2581; x_wconf 85' lang='lat' dir='ltr'><em>Nadal</em></span> <span class='ocrx_word' id='word_1_236' title='bbox 1454 2541 1565 2581; x_wconf 81' lang='grc' dir='ltr'><strong>(16Χο</strong></span> <span class='ocrx_word' id='word_1_237' title='bbox 1603 2541 1850 2580; x_wconf 86' lang='lat' dir='ltr'><em>ordenadas</em></span> <span class='ocrx_word' id='word_1_238' title='bbox 1870 2552 1916 2580; x_wconf 88' lang='grc'><strong>56</strong></span> 
     </span>
     <span class='ocr_line' id='line_1_31' title="bbox 296 2605 1915 2660; baseline -0.003 -11"><span class='ocrx_word' id='word_1_239' title='bbox 296 2621 384 2649; x_wconf 83' lang='lat' dir='ltr'><em>uan</em></span> <span class='ocrx_word' id='word_1_240' title='bbox 429 2609 649 2660; x_wconf 86' lang='lat' dir='ltr'><em>poniendo</em></span> <span class='ocrx_word' id='word_1_241' title='bbox 692 2620 746 2648; x_wconf 87' lang='lat' dir='ltr'><em>en</em></span> <span class='ocrx_word' id='word_1_242' title='bbox 788 2608 1033 2655; x_wconf 58' lang='grc'><strong>6100110100,</strong></span> <span class='ocrx_word' id='word_1_243' title='bbox 1065 2620 1091 2657; x_wconf 83' lang='lat' dir='ltr'>y</span> <span class='ocrx_word' id='word_1_244' title='bbox 1121 2607 1362 2647; x_wconf 82' lang='lat' dir='ltr'><em>sucienden</em></span> <span class='ocrx_word' id='word_1_245' title='bbox 1406 2606 1497 2646; x_wconf 88' lang='lat' dir='ltr'><em>mui</em></span> <span class='ocrx_word' id='word_1_246' title='bbox 1541 2605 1831 2656; x_wconf 74' lang='lat' dir='ltr'><em>bien‚seg1&#39;1n</em></span> <span class='ocrx_word' id='word_1_247' title='bbox 1873 2605 1915 2644; x_wconf 85' lang='lat' dir='ltr'><em>la</em></span> 
     </span>
    </p>
   </div>
   <div class='ocr_carea' id='block_1_6' title="bbox 358 2762 649 2794">
    <p class='ocr_par' dir='ltr' id='par_1_7' title="bbox 358 2762 649 2794">
     <span class='ocr_line' id='line_1_32' title="bbox 358 2762 649 2794; baseline 0.003 -1"><span class='ocrx_word' id='word_1_248' title='bbox 358 2770 377 2789; x_wconf 81' lang='lat' dir='ltr'><em>a</em></span> <span class='ocrx_word' id='word_1_249' title='bbox 397 2762 556 2794; x_wconf 83' lang='lat' dir='ltr'><em>ainimas</em></span> <span class='ocrx_word' id='word_1_250' title='bbox 579 2771 649 2794; x_wconf 71' lang='lat' dir='ltr'><em>nis.</em></span> 
     </span>
    </p>
   </div>
   <div class='ocr_carea' id='block_1_7' title="bbox 297 2887 1917 3092">
    <p class='ocr_par' dir='ltr' id='par_1_8' title="bbox 297 2887 1917 3092">
     <span class='ocr_line' id='line_1_33' title="bbox 361 2887 1917 2934; baseline -0.005 -9"><span class='ocrx_word' id='word_1_251' title='bbox 361 2895 370 2912; x_wconf 89' lang='lat'>¹</span> <span class='ocrx_word' id='word_1_252' title='bbox 394 2893 446 2925; x_wconf 87' lang='lat' dir='ltr'><em>Ex</em></span> <span class='ocrx_word' id='word_1_253' title='bbox 469 2893 603 2934; x_wconf 83' lang='lat' dir='ltr'><em>origin.</em></span> <span class='ocrx_word' id='word_1_254' title='bbox 628 2893 791 2934; x_wconf 91' lang='lat' dir='ltr'><em>plurium</em></span> <span class='ocrx_word' id='word_1_255' title='bbox 814 2892 987 2924; x_wconf 81' lang='lat' dir='ltr'><em>manibus</em></span> <span class='ocrx_word' id='word_1_256' title='bbox 1010 2892 1148 2932; x_wconf 81' lang='lat' dir='ltr'><em>scripto</em></span> <span class='ocrx_word' id='word_1_257' title='bbox 1185 2892 1223 2923; x_wconf 91' lang='lat' dir='ltr'><em>in</em></span> <span class='ocrx_word' id='word_1_258' title='bbox 1261 2891 1339 2923; x_wconf 90' lang='lat' dir='ltr'><em>cod.</em></span> <span class='ocrx_word' id='word_1_259' title='bbox 1368 2890 1465 2923; x_wconf 86' lang='lat' dir='ltr'><em>Lus.</em></span> <span class='ocrx_word' id='word_1_260' title='bbox 1489 2889 1548 2925; x_wconf 86' lang='lat'><em>51,</em></span> <span class='ocrx_word' id='word_1_261' title='bbox 1573 2888 1608 2922; x_wconf 86' lang='lat' dir='ltr'><em>ff.</em></span> <span class='ocrx_word' id='word_1_262' title='bbox 1633 2888 1789 2927; x_wconf 52' lang='lat' dir='ltr'><em>mesen</em></span> <span class='ocrx_word' id='word_1_263' title='bbox 1814 2887 1917 2928; x_wconf 87' lang='lat' dir='ltr'><em>prius</em></span> 
     </span>
     <span class='ocr_line' id='line_1_34' title="bbox 297 2939 1917 2986; baseline -0.005 -8"><span class='ocrx_word' id='word_1_264' title='bbox 297 2946 445 2978; x_wconf 77' lang='lat'><em>541-544.</em></span> <span class='ocrx_word' id='word_1_265' title='bbox 470 2946 586 2978; x_wconf 85' lang='lat' dir='ltr'><em>Multa</em></span> <span class='ocrx_word' id='word_1_266' title='bbox 609 2946 720 2978; x_wconf 87' lang='lat' dir='ltr'><em>verba</em></span> <span class='ocrx_word' id='word_1_267' title='bbox 755 2945 895 2986; x_wconf 81' lang='lat' dir='ltr'><em>scripta</em></span> <span class='ocrx_word' id='word_1_268' title='bbox 931 2945 1020 2976; x_wconf 90' lang='lat' dir='ltr'><em>sunt</em></span> <span class='ocrx_word' id='word_1_269' title='bbox 1056 2944 1162 2976; x_wconf 91' lang='lat' dir='ltr'><em>modo</em></span> <span class='ocrx_word' id='word_1_270' title='bbox 1199 2944 1282 2985; x_wconf 87' lang='lat' dir='ltr'><em>plus</em></span> <span class='ocrx_word' id='word_1_271' title='bbox 1319 2944 1443 2975; x_wconf 89' lang='lat' dir='ltr'><em>minus</em></span> <span class='ocrx_word' id='word_1_272' title='bbox 1465 2942 1648 2980; x_wconf 81' lang='lat' dir='ltr'><em>lusitan03</em></span> <span class='ocrx_word' id='word_1_273' title='bbox 1674 2941 1713 2972; x_wconf 94' lang='lat' dir='ltr'><em>in</em></span> <span class='ocrx_word' id='word_1_274' title='bbox 1736 2939 1821 2972; x_wconf 84' lang='lat' dir='ltr'><em>aliis</em></span> <span class='ocrx_word' id='word_1_275' title='bbox 1844 2947 1917 2971; x_wconf 91' lang='lat' dir='ltr'><em>non</em></span> 
     </span>
     <span class='ocr_line' id='line_1_35' title="bbox 298 2992 1916 3040; baseline -0.004 -9"><span class='ocrx_word' id='word_1_276' title='bbox 298 2999 427 3039; x_wconf 81' lang='lat' dir='ltr'><em>paucis</em></span> <span class='ocrx_word' id='word_1_277' title='bbox 450 2999 603 3040; x_wconf 84' lang='lat' dir='ltr'><em>scriptio</em></span> <span class='ocrx_word' id='word_1_278' title='bbox 626 2998 821 3031; x_wconf 86' lang='lat' dir='ltr'><em>emendata</em></span> <span class='ocrx_word' id='word_1_279' title='bbox 841 2999 909 3037; x_wconf 89' lang='lat' dir='ltr'><em>est,</em></span> <span class='ocrx_word' id='word_1_280' title='bbox 941 2999 983 3030; x_wconf 87' lang='lat' dir='ltr'><em>ut</em></span> <span class='ocrx_word' id='word_1_281' title='bbox 1019 2997 1065 3029; x_wconf 87' lang='lat' dir='ltr'><em>ad</em></span> <span class='ocrx_word' id='word_1_282' title='bbox 1102 2996 1335 3038; x_wconf 79' lang='lat' dir='ltr'><em>hispanicam</em></span> <span class='ocrx_word' id='word_1_283' title='bbox 1371 2996 1524 3028; x_wconf 84' lang='lat' dir='ltr'><em>formam</em></span> <span class='ocrx_word' id='word_1_284' title='bbox 1561 2994 1680 3036; x_wconf 85' lang='lat' dir='ltr'><em>magis</em></span> <span class='ocrx_word' id='word_1_285' title='bbox 1717 2992 1916 3025; x_wconf 84' lang='lat' dir='ltr'><em>accederet.</em></span> 
     </span>
     <span class='ocr_line' id='line_1_36' title="bbox 298 3048 1670 3092; baseline -0.004 -8"><span class='ocrx_word' id='word_1_286' title='bbox 298 3051 431 3084; x_wconf 89' lang='lat' dir='ltr'><em>Parum</em></span> <span class='ocrx_word' id='word_1_287' title='bbox 455 3052 546 3084; x_wconf 85' lang='lat' dir='ltr'><em>utile</em></span> <span class='ocrx_word' id='word_1_288' title='bbox 569 3052 691 3083; x_wconf 88' lang='lat' dir='ltr'><em>visum</em></span> <span class='ocrx_word' id='word_1_289' title='bbox 713 3052 770 3084; x_wconf 86' lang='lat' dir='ltr'><em>est</em></span> <span class='ocrx_word' id='word_1_290' title='bbox 791 3050 1099 3092; x_wconf 82' lang='lat' dir='ltr'><em>orthographicas</em></span> <span class='ocrx_word' id='word_1_291' title='bbox 1122 3050 1190 3082; x_wconf 87' lang='lat' dir='ltr'><em>has</em></span> <span class='ocrx_word' id='word_1_292' title='bbox 1213 3050 1458 3082; x_wconf 81' lang='lat' dir='ltr'><em>correctiones</em></span> <span class='ocrx_word' id='word_1_293' title='bbox 1480 3048 1670 3080; x_wconf 85' lang='lat' dir='ltr'><em>annotare.</em></span> 
     </span>
    </p>
   </div>
  </div>
 </body>
</html>
