2028 3531
251 289 320 326 603
335 289 395 324 bis,
424 311 464 314 -—
494 289 724 326 MONACHIO.
752 289 867 326 Onno
895 299 1093 325 CLASSIUM
1121 299 1167 324 ET
1194 299 1533 325 PRAELECTIONUM
1598 288 1668 324 673

188 410 391 451 Secunda
420 409 530 448 hora
560 408 773 459 repetitur
809 408 1113 459 grammatica,
1145 407 1340 458 exceptis
1370 407 1529 446 diebus
1559 406 1714 446 martis

81 479 124 517 et
153 475 341 524 veneris,
373 474 538 526 quibus
568 473 732 513 dantur
766 473 961 512 themata
1004 472 1315 524 componendi,
1348 474 1389 511 et
1423 471 1717 511 emendantur

80 540 441 594 compositiones.

187 605 337 646 Tertia
365 604 646 655 explicantur
676 603 846 654 Horatij
881 602 1116 643 Sermones
1158 614 1258 642 cum
1294 613 1468 641 annexa
1508 600 1717 652 prosodia

82 671 378 724 Despauterij.
657 712 668 728 ·

188 737 268 777 Die
297 735 507 777 sabbathi
538 735 647 774 hora
678 734 819 785 prima
849 734 1090 774 lectionum
1120 746 1146 773 a
1175 733 1363 784 prandio
1394 732 1649 784 disputatur
1670 731 1717 771 in

81 803 226 855 prima
254 804 297 842 et
324 801 387 842 ΞΡ
407 801 549 841 classe
579 799 771 851 publice.

187 869 315 908 Mane
353 878 460 907 uero
503 866 764 917 repetuntur
806 865 1019 905 lectiones
1064 876 1219 905 omnes
1263 864 1401 904 totius
1444 863 1718 915 septimanae

82 934 276 975 auditae.

192 1000 240 1039 IN
272 1009 432 1040 cLAssE
462 1007 780 1037 GRAMMATICES
810 1008 964 1036 PRniA.
998 996 1120 1046 Quae
1150 998 1356 1035 externos
1385 995 1520 1034 habet
1543 995 1608 1034 40.

189 1065 306 1105 Ante
335 1063 573 1116 prandium
604 1062 664 1102 7:⁹¹
687 1062 797 1101 hora
827 1062 1098 1113 praelegitur
1120 1062 1263 1112 prima
1283 1073 1386 1112 pars
1407 1059 1718 1112 grammatices

83 1129 378 1181 Despauterij.

188 1194 314 1235 Nona
344 1194 454 1234 hora
483 1192 764 1244 explicantur
793 1191 1008 1242 epistolae
1038 1190 1265 1232 Ciceronis
1295 1190 1551 1230 familiares.

190 1260 296 1300 Post
329 1258 582 1310 prandium.
615 1257 764 1297 Prima
810 1257 919 1296 hora
963 1258 1228 1296 enarrantur
1268 1255 1453 1307 Vergilij
1495 1254 1719 1296 Bucolica.

188 1324 391 1366 Secunda
420 1324 532 1363 hora
562 1322 826 1374 proponitur
855 1322 1058 1373 syntaxis
1089 1321 1385 1372 Despauterij.

190 1390 338 1430 Tertia
366 1389 478 1429 hora
507 1387 710 1440 repetitio
732 1387 925 1438 diligens
952 1387 1219 1434 instituitur,
1242 1386 1558 1426 examinantur
1586 1385 1720 1425 etiam

82 1455 330 1508 composita
361 1455 571 1494 themata.

188 1521 269 1561 Die
311 1519 519 1561 sabbathi
564 1519 613 1559 fit
655 1518 916 1569 disputatio,
948 1520 990 1557 et
1034 1520 1293 1569 repetuntur
1337 1517 1549 1557 lectiones
1578 1516 1717 1556 totius

84 1587 376 1639 septimanae.

192 1653 241 1692 IN
270 1662 431 1693 CLAssss
460 1660 777 1691 GRAMMATICES
812 1659 1028 1689 SECUNDA.
1063 1648 1184 1698 Quae
1214 1650 1420 1687 externos
1450 1648 1583 1687 habet
1614 1647 1679 1687 56.

192 1719 308 1759 Ante
338 1717 576 1770 prandium
608 1717 630 1756 7
661 1716 771 1755 hora
815 1715 1086 1766 praelegitur
1128 1714 1297 1754 rudiori
1343 1714 1544 1754 Minerua
1577 1725 1720 1765 gram-

85 1784 244 1825 matica
274 1782 572 1835 Despauterij.

190 1849 318 1889 Nona
346 1849 457 1888 hora
486 1847 701 1899 repetitur
730 1847 861 1887 lectio
892 1848 994 1885 ante
1024 1845 1193 1894 habita,
1226 1847 1267 1885 et
1302 1846 1562 1884 exercentur
1590 1843 1721 1884 disci-

85 1915 180 1967 puli
210 1914 257 1954 in
287 1913 492 1966 diligenti
522 1912 836 1953 declinatione.

191 1980 298 2020 Post
327 1978 564 2031 prandium
594 1978 787 2018 traditur
816 1976 1020 2028 syntaxis
1050 1976 1267 2027 quaedam
1299 1974 1616 2026 compendiosa
1642 1986 1721 2025 pro

84 2047 215 2098 captu
238 2045 374 2086 huius
394 2044 553 2084 classis
578 2055 831 2095 puerorum,
851 2044 894 2082 et
913 2042 1227 2089 catechismus,
1246 2041 1322 2080 sed
1344 2040 1529 2080 alternis
1546 2040 1718 2080 diebus.

192 2110 396 2152 Secunda
425 2110 536 2149 hora
565 2110 825 2149 exercentur
854 2107 979 2159 pueri
1011 2108 1057 2146 in
1087 2109 1179 2146 arte
1210 2106 1447 2146 scribendi.

192 2175 340 2215 Tertia
368 2175 478 2214 hora
508 2173 831 2225 praeleguntur
862 2172 1026 2223 Aesopi
1058 2171 1249 2211 fabulae.

191 2241 273 2281 Die
316 2239 471 2280 martis
513 2241 556 2279 et
599 2239 775 2278 veneris
821 2238 1016 2278 secunda
1059 2237 1298 2276 lectionum
1340 2237 1451 2275 hora
1479 2248 1503 2275 a
1535 2235 1723 2286 prandio

85 2307 217 2347 datur
236 2306 384 2346 thema
405 2305 462 2344 ad
482 2304 791 2355 componenda
812 2303 1034 2354 epistolia.
1059 2302 1139 2341 Die
1160 2301 1369 2341 sabbathi
1399 2301 1448 2340 fit
1477 2300 1723 2352 disputatio

86 2373 128 2412 et
157 2371 360 2423 repetitio
390 2370 648 2410 lectionum.

195 2437 244 2476 IN
274 2446 436 2476 CLASSE
465 2444 781 2475 GRAMMATICES
812 2444 986 2473 TERTIA.
1020 2432 1141 2482 Quae
1171 2434 1376 2471 externos
1406 2431 1541 2470 habet
1568 2430 1633 2471 63.

194 2501 310 2542 Ante
338 2500 576 2552 prandium
607 2500 718 2539 hora
748 2500 807 2539 7.ιι
832 2498 1084 2538 memoriter
1114 2497 1300 2536 recitant
1330 2495 1549 2547 principia
1579 2507 1724 2546 gram-

91 2566 287 2607 matices.

195 2631 317 2671 Hora
345 2631 370 2671 9
400 2630 671 2683 praelegitur
700 2629 807 2670 Cato
838 2630 890 2669 de
922 2629 1121 2668 moribus
1152 2638 1404 2679 puerorum.

195 2697 302 2737 Post
331 2696 568 2748 prandium
601 2695 744 2747 prima
773 2695 882 2735 hora
913 2695 1065 2734 eadem
1110 2691 1344 2744 principia,
1377 2693 1425 2731 ut
1454 2703 1605 2742 supra,
1638 2702 1725 2731 me-

89 2762 271 2803 moriter
300 2762 555 2802 recitantur.

194 2827 397 2868 Secunda
427 2828 539 2867 hora
568 2828 829 2866 exercentur
858 2825 905 2865 in
935 2827 1029 2865 arte
1058 2825 1171 2864 bene
1199 2822 1438 2863 scribendi.

196 2893 345 2933 Tertia
374 2893 482 2932 hora
513 2892 700 2932 recitant
728 2891 1047 2931 catechismum
1078 2892 1119 2929 et
1154 2889 1331 2929 discunt
1362 2886 1630 2939 pedetentim
1662 2887 1726 2927 lo-

89 2958 255 3010 quendi
286 2958 485 3009 phrases.

142 3013 147 3018 ⁸
195 3024 276 3064 Die
305 3023 513 3064 sabbathi
544 3025 646 3063 ante
676 3025 718 3062 et
748 3024 847 3074 post
886 3022 1125 3073 prandium
1169 3020 1381 3060 lectiones
1423 3018 1563 3058 totius
1593 3018 1726 3069 septi-

91 3101 250 3130 manae
278 3090 555 3141 repetuntur.

161 3176 322 3206 Lunam
341 3176 619 3212 QnAanEs‘rims.
644 3192 672 3196 —
693 3175 774 3204 Tou.
800 3175 867 3203 VII.
1621 3171 1655 3198 43
