2028 3531
329 269 400 304 666
802 268 1005 304 Lir’rssRAE
1043 267 1388 312 QUADRIMESTRES

283 386 515 427 Societatis
545 386 862 438 professionem
894 389 922 433 ¹,
956 385 1154 436 patronis
1174 385 1344 436 aliquot
1364 384 1545 431 nostris,
1568 386 1673 424 tunc
1694 385 1903 436 temporis

283 463 445 503 magna
486 464 585 492 cum
629 451 866 491 deuotione
910 450 1229 501 praesentibus,
1262 449 1486 489 Hactenus
1528 449 1581 488 de
1609 449 1783 501 collegij
1815 462 1903 489 mo-

282 517 537 557 nachiensis
565 519 697 556 statu.

360 582 398 621 ⁰2.
431 581 648 622 Classium
684 583 934 620 nostrarum
965 579 1200 630 dispositio
1230 579 1427 619 foeliceni
1459 579 1592 618 habet
1629 590 1899 619 successum.

283 646 656 686 Scholasticorum
684 657 897 685 numerus
926 644 1066 684 creuit
1085 644 1140 684 ad
1160 644 1253 691 300,
1277 644 1378 694 plus
1399 643 1570 691 minus;
1603 645 1904 694 praeceptores

281 713 379 750 octo
409 711 607 761 quotidie
637 710 683 749 in
705 710 947 749 erudienda
968 709 1198 748 iuuentute
1218 710 1506 759 occupantur,
1529 710 1570 747 et
1590 708 1698 747 dant
1725 719 1903 758 operam

283 775 496 826 impense,
529 778 576 815 ut
606 787 695 814 non
738 777 828 815 tam
858 774 1029 825 prosint
1058 773 1239 821 scholis,
1270 785 1401 824 quam
1434 773 1563 813 ualde
1610 772 1781 823 prosint
1809 773 1904 812 lite-

283 852 431 880 rarum
460 840 689 880 studiosis.
722 840 856 879 Fama
876 838 1127 878 scholarum
1148 838 1285 878 huius
1304 837 1478 889 collegij
1501 839 1637 877 totam
1667 839 1905 888 peruagata

283 906 348 944 est
377 905 629 951 Bauariam,
661 904 838 955 aliaque
868 904 962 943 loca
994 903 1156 951 vicina,
1188 904 1230 942 et
1259 904 1446 953 augetur
1475 902 1521 941 in
1550 902 1645 942 dies
1674 902 1750 950 ita,
1777 904 1823 942 ut
1853 913 1905 941 ex

282 969 384 1020 alijs
414 969 676 1009 Germaniae
706 968 907 1019 partibus
951 969 1052 1015 huc,
1085 967 1235 1007 allatis
1277 979 1424 1007 secum
1456 966 1597 1006 literis
1626 967 1904 1006 commenda-

283 1034 424 1085 tutijs,
456 1046 546 1073 non
577 1034 705 1085 pauci
735 1034 962 1073 confluant
990 1033 1045 1072 ad
1075 1032 1340 1083 capiendum
1370 1032 1509 1071 animi
1538 1032 1705 1072 cultum
1737 1031 1905 1071 literas-

282 1110 367 1149 que
397 1099 644 1138 discendas.
673 1098 916 1138 Proficiunt
936 1110 1057 1144 sane,
1080 1098 1171 1137 Deo
1192 1097 1305 1144 laus,
1328 1096 1582 1137 scholastici
1613 1095 1752 1136 nostri
1772 1108 1905 1147 quam

282 1163 539 1213 plurimum,
562 1175 652 1203 non
681 1163 828 1203 solum
849 1163 896 1202 in
916 1162 1115 1214 scientijs
1135 1161 1432 1213 acquirendis,
1455 1161 1531 1201 sed
1550 1161 1683 1200 etiam
1704 1160 1751 1200 in
1773 1160 1906 1200 mori-

282 1229 366 1268 bus
387 1228 655 1275 imbuendis,
677 1230 723 1268 ut
744 1239 1056 1279 germanorum
1077 1227 1283 1278 pietatem
1314 1226 1436 1266 illam
1467 1226 1632 1265 auitam
1664 1225 1905 1277 aliquando

283 1295 556 1344 recuperent.
589 1292 866 1333 Confitentur
896 1304 1016 1332 more
1059 1291 1291 1332 Societatis
1328 1303 1459 1342 saepe
1487 1293 1528 1330 et
1558 1290 1761 1338 libenter,
1791 1301 1907 1330 com-

283 1358 510 1397 munionis
539 1370 690 1398 sacrae
720 1358 911 1397 fructum
955 1358 1206 1408 frequenter
1248 1356 1512 1407 percipiunt,
1544 1354 1743 1406 quotidie
1781 1366 1905 1394 sacro

281 1423 523 1471 ordinario,
555 1423 771 1462 adhibitis
814 1422 980 1462 libellis
1023 1422 1295 1473 precatorijS,
1327 1423 1369 1460 et
1411 1420 1608 1472 rosarijs,
1640 1421 1689 1459 ut
1727 1421 1903 1467 uocant,

283 1488 527 1535 intersunt;
560 1500 639 1528 nec
670 1500 760 1527 non
781 1488 824 1527 id
855 1499 996 1539 genus
1019 1487 1106 1538 pijs
1126 1486 1336 1538 operibus
1355 1486 1458 1537 aliJs
1482 1485 1703 1525 iuueniles
1732 1485 1906 1524 animos

282 1556 520 1603 occupatos
548 1555 713 1593 tenent.
747 1553 890 1592 Tanto
919 1564 1068 1592 amore
1088 1552 1341 1591 afficiuntur
1369 1563 1472 1602 erga
1501 1550 1707 1590 diuinum
1735 1550 1905 1590 cultum

283 1621 325 1658 et
354 1618 426 1669 pia
456 1619 618 1665 studia,
642 1630 755 1669 quae
785 1618 975 1657 subinde
998 1619 1300 1668 praeceptores
1321 1617 1367 1655 in
1388 1615 1554 1655 scholis
1574 1615 1638 1654 eis
1662 1614 1902 1663 inculcant,

284 1686 332 1723 ut
360 1695 665 1734 quaecumque
684 1695 738 1722 ex
766 1695 841 1722 ore
863 1682 1063 1733 magistri
1084 1681 1288 1729 audiunt,
1311 1681 1445 1729 domi,
1468 1680 1523 1719 ad
1545 1680 1729 1719 uerbum
1759 1679 1903 1730 quasi,

284 1748 558 1799 parentibus,
590 1748 818 1795 fratribus,
850 1747 1079 1786 sororibus
1111 1746 1277 1796 totique
1311 1745 1506 1785 familiae
1548 1744 1752 1792 referant,
1783 1756 1905 1784 suos·

282 1825 368 1865 que
399 1816 602 1864 parentes
644 1813 905 1852 extimulent
948 1812 1025 1862 filij
1072 1812 1125 1851 ad
1170 1811 1490 1862 frequentanda
1534 1809 1831 1860 poenitentiae
1864 1810 1906 1848 et

281 1878 576 1918 eucharistiae
605 1879 893 1917 sacramenta.
925 1876 1038 1916 Sunt
1071 1876 1185 1915 inter
1227 1887 1301 1915 eos
1331 1875 1408 1926 qui
1442 1874 1591 1914 nescio
1621 1873 1727 1925 quid
1757 1873 1906 1924 potius

283 1945 451 1983 tentare
482 1943 663 1990 uellent,
695 1955 827 1993 quam
859 1941 978 1981 domi
1008 1952 1163 1980 carnes
1192 1941 1350 1980 diebus
1383 1939 1621 1991 prohibitis
1662 1939 1903 1985 comedere,

283 2008 589 2060 quamtumuis
611 2008 726 2047 male
756 2007 910 2047 audire
932 2009 975 2045 et
1003 2006 1094 2056 pati
1121 2008 1350 2057 cogantur.
1375 2005 1659 2045 Contendunt
1678 2004 1793 2043 inter
1812 2015 1907 2042 sese

283 2085 514 2123 supremae
543 2075 586 2111 et
615 2072 793 2111 infimae
835 2071 968 2111 sortis
1011 2070 1151 2121 pueri,
1184 2070 1259 2121 qui
1303 2069 1519 2109 sacerdoti
1563 2067 1828 2108 sacrificanti
1858 2067 1905 2106 in

283 2138 411 2177 altari
443 2140 586 2177 astare
616 2140 658 2176 et
687 2137 854 2176 seruire
899 2136 1100 2181 debeant,
1133 2137 1175 2174 et
1204 2135 1258 2174 ad
1302 2135 1385 2174 hoc
1427 2133 1733 2180 obtinendum,
1765 2132 1904 2183 aliqui

283 2214 457 2241 summo
487 2202 685 2241 diluculo
715 2203 816 2240 ante
847 2202 1041 2240 coeteros
1084 2200 1196 2239 lecto
1238 2201 1442 2250 surgunt,
1476 2200 1523 2238 ut
1565 2198 1689 2237 locus
1722 2197 1786 2236 eis
1815 2208 1904 2236 non

284 2267 591 2318 praeripiatur.
620 2267 814 2305 Libellos
834 2266 1068 2305 haeresum
1092 2265 1274 2304 uenenis
1294 2264 1495 2311 infectos,
1518 2262 1768 2302 clanculum
1799 2261 1906 2300 ami—

283 2332 347 2371 cis
377 2333 447 2371 uel
480 2332 737 2382 parentibus
765 2331 1030 2376 subtractos,
1053 2330 1183 2369 nobis
1203 2329 1409 2368 adferunt
1428 2327 1761 2373 examinandos,
1793 2338 1904 2377 quos

284 2397 322 2436 si
352 2397 607 2447 intelligant
635 2398 879 2446 corruptos,
917 2395 987 2434 uel
1018 2395 1276 2443 dilacerant,
1308 2394 1380 2433 uel
1410 2393 1609 2433 Vulcano
1639 2391 1833 2437 tradunt,
1864 2392 1906 2430 et

284 2462 330 2501 in
361 2462 444 2501 hoc
473 2473 569 2500 sese
598 2461 729 2500 nobis
773 2460 1037 2511 obsequium
1068 2461 1290 2510 praestare
1319 2458 1527 2509 gaudent.
1568 2456 1727 2496 Exacte
1756 2457 1907 2494 tenent

284 2538 438 2566 omnes
467 2526 599 2565 etiam
630 2525 819 2573 minimi,
852 2536 962 2575 pene
1005 2524 1248 2563 etiamnum
1292 2522 1517 2569 infantuli,
1549 2521 1791 2561 orationem
1831 2520 1905 2559 do-

286 2592 509 2637 minicam,
555 2591 869 2630 salutationem
915 2589 1176 2640 angelicam,
1221 2588 1473 2639 symbolum
1520 2586 1821 2637 apostolorum
1863 2586 1901 2624 et

284 2657 567 2707 decalogum3
601 2657 779 2705 tamque
809 2656 920 2694 bene
951 2654 1150 2694 confiteri
1180 2655 1359 2700 norunt,
1383 2655 1431 2692 ut
1460 2652 1627 2691 diceres
1656 2662 1730 2689 eos
1752 2649 1905 2689 multis

284 2721 416 2760 annis
444 2721 491 2760 in
520 2732 571 2760 eo
600 2732 730 2771 opere
752 2722 966 2759 uersatos.
993 2718 1312 2765 Prouectiores,
1334 2718 1411 2768 qui
1436 2718 1613 2756 nostrae
1642 2714 1904 2765 disciplinae

347 2894 354 2911 ¹
380 2892 417 2924 P.
441 2891 692 2923 Theodoricus
716 2890 903 2929 canisius,
929 2889 996 2922 Sti.
1021 2889 1119 2921 Petri
1143 2888 1283 2921 Canisii
1308 2898 1352 2921 ex
1389 2889 1493 2929 patre
1528 2886 1653 2925 frater,
1692 2885 1903 2918 sollemnem

284 2946 446 2986 quatuor
482 2945 651 2976 votorum
687 2943 953 2984 professionem
988 2942 1090 2974 vovit
1127 2942 1318 2983 Augustae
1355 2941 1414 2973 die
1452 2941 1491 2972 14
1526 2939 1694 2972 Octobris
1731 2938 1822 2970 1561.
1849 2936 1901 2970 Cf.

286 2998 596 3029 BRAUNSBERGER:
622 2997 665 3029 Β.
690 2996 799 3028 Petri
826 2995 983 3028 Canisii
1005 2995 1142 3036 Epist„
1167 2995 1228 3034 III,
1253 2995 1325 3034 256,
1349 2994 1421 3033 262,
1444 2993 1516 3025 669.
1541 2993 1597 3024 Ita
1619 2991 1731 3024 etiam
1761 2991 1800 3022 in
1822 2989 1900 3022 cod.

284 3050 387 3083 He'st.
412 3051 493 3082 Soc.
523 3050 603 3083 147.
629 3050 651 3081 f.
676 3050 749 3081 205.
