2028 3531
552 262 633 298 495.
660 284 705 287 —
731 261 927 299 TORNAco
953 262 1000 298 30
1026 262 1179 299 MARru
1208 263 1294 298 1561
1627 264 1692 299 177

110 382 304 422 offerunt
335 380 547 421 dominus
595 381 791 421 decanus
820 383 862 420 et
890 380 1207 421 canonicorum
1251 381 1432 432 quidam
1476 382 1746 433 quingentos

113 448 329 494 tloren0s3
362 446 490 486 offert
520 434 637 486 ΒΑΜ
669 447 809 486 abbas
853 445 1004 486 Sancti
1048 446 1226 486 Martini
1272 458 1362 486 non
1406 458 1586 497 parum;
1619 447 1745 487 offert

110 512 283 564 aliquid
312 512 444 552 etiam
476 512 616 551 abbas
659 511 810 552 Sancti
841 511 1035 559 Nicolai;
1068 511 1336 562 pollicentur
1374 511 1544 563 aliquid
1575 514 1617 551 et
1646 511 1746 552 Car-

110 577 327 624 thusiani,
359 577 555 628 idipsum
576 577 845 628 pollicentur
864 576 991 627 multj
1015 576 1090 628 alij
1114 577 1270 627 amicj;
1293 577 1485 628 denique
1512 579 1747 628 prepotens

110 645 176 682 est
206 643 285 682 hee
314 642 492 688 ciuitas,
524 642 596 682 cui
627 642 665 681 si
698 644 853 682 notum
883 644 997 682 esset
1032 644 1233 682 nostrum
1281 642 1552 689 institutum,
1599 642 1747 693 ipsum

109 707 294 747 omnino
324 708 702 758 complecteretur.
737 707 993 758 Cupiuisset
1015 708 1085 748 Pr.
1110 707 1409 747 Prouincialis
1431 710 1475 747 vt
1496 708 1579 747 hoc
1600 707 1746 758 ipsum

110 773 166 812 ad
198 773 247 812 V.
282 773 332 812 R.
368 773 414 812 P.
448 773 659 813 scriberet
687 773 950 824 capitulum,
982 773 1059 812 sed
1088 773 1142 812 de
1171 773 1255 813 hoc
1284 773 1444 813 iterun]
1475 773 1521 812 in
1551 773 1747 824 capitulo

111 838 380 878 mentionem
413 838 568 886 facere,
602 850 693 878 non
725 838 900 878 videtur
930 838 1044 878 Dno.
1068 838 1244 878 Decano
1274 838 1494 890 expedire,
1527 840 1620 878 tum
1642 838 1747 889 quia

109 903 280 943 domini
301 903 505 943 canonici
529 903 744 943 haberent
773 903 945 954 aliquid
975 904 1215 944 aduersum
1236 916 1319 943 nos
1341 905 1518 955 propter
1545 904 1747 954 responsi

110 970 311 1017 nimiam,
334 981 469 1021 quam
490 981 591 1021 egre
614 969 828 1017 tulerunt,
863 969 1148 1016 dilationem3
1191 972 1284 1009 tum
1332 969 1440 1021 quia
1487 970 1570 1009 hoc
1617 981 1748 1021 nego-

110 1035 223 1075 tium
252 1035 383 1075 nobis
422 1035 608 1075 omnino
641 1035 923 1075 comiserant.
957 1035 1149 1075 Proinde
1193 1036 1242 1076 V.
1283 1036 1334 1076 R.
1368 1036 1416 1076 P.
1463 1036 1749 1075 obsecramus

110 1100 157 1139 in
204 1101 386 1140 nomine
422 1101 537 1147 Iesu,
589 1103 634 1139 vt
681 1100 777 1140 suis
824 1100 1184 1141 Tornacensibus
1226 1113 1333 1141 suae
1376 1100 1611 1141 Societatis
1662 1101 1749 1141 col—

111 1165 276 1217 legium
310 1166 467 1205 uiittat.
500 1165 583 1206 Sed
616 1165 831 1216 cogitabit
860 1168 971 1205 forte
1002 1166 1052 1205 V.
1086 1166 1137 1205 R.
1164 1167 1209 1207 P.
1234 1178 1340 1206 num
1371 1178 1469 1214 nos,
1497 1178 1573 1217 pre
1595 1166 1749 1206 multis

109 1231 213 1282 alijs
243 1231 289 1270 in
319 1231 512 1271 diuersis
542 1231 745 1282 partibus
788 1230 984 1282 idipsum
1028 1231 1392 1283 efflagitantibus,
1438 1231 1648 1271 exaudire
1677 1231 1749 1271 de-

110 1298 240 1336 beat?
271 1296 398 1347 Quod
428 1297 465 1336 si
496 1297 606 1336 haec
636 1297 869 1336 nobiscum
901 1296 1063 1336 sentiat
1094 1304 1110 1323 a
1148 1297 1196 1337 V.
1227 1298 1275 1337 R.
1298 1297 1365 1345 P„
1388 1297 1481 1344 fiet;
1515 1297 1558 1336 in
1592 1296 1749 1348 primis

109 1362 215 1413 quia
246 1362 327 1402 heo
355 1362 517 1402 ciuitas
548 1362 703 1402 multis
733 1362 971 1402 diuexatur
1005 1362 1239 1402 heresibus
1268 1365 1310 1402 et
1339 1362 1487 1409 sectis,
1511 1374 1535 1402 a
1565 1362 1746 1414 quibus,

110 1428 201 1467 Deo
234 1427 440 1479 propitio,
486 1439 562 1478 per
593 1439 729 1467 vnum
774 1427 1013 1479 collegium
1057 1430 1259 1468 nostrum
1305 1428 1484 1468 liberari
1530 1429 1678 1479 posset
1713 1426 1745 1466 ¹².

111 1493 279 1533 Deinde
308 1493 414 1544 quia
444 1493 523 1533 hec
553 1493 715 1533 ciuitas
744 1493 944 1533 omnium
981 1494 1124 1544 prima
1155 1493 1418 1534 Societatem
1457 1493 1653 1540 admisit,
1686 1505 1750 1532 re-

109 1559 224 1610 cepit
254 1561 296 1598 et
325 1559 418 1598 alit.
470 1559 675 1598 Preterea
721 1559 827 1610 quia
877 1559 1097 1599 Dominus
1145 1559 1294 1610 potius
1333 1560 1380 1599 in
1423 1560 1506 1599 hac
1549 1559 1746 1599 ciuitate.

109 1636 244 1675 quam
276 1636 462 1676 vsquam
493 1624 540 1664 in
571 1624 780 1664 Flandria
812 1624 858 1664 in
889 1625 1018 1664 vinea
1040 1637 1122 1665 sua
1150 1625 1364 1676 operandi
1395 1625 1560 1664 ostium
1591 1624 1745 1675 aperit.

112 1690 340 1729 Postremo
370 1690 475 1741 quia
506 1690 585 1729 hec
616 1690 759 1741 patria
789 1689 998 1730 Societati
1028 1691 1194 1730 multos
1237 1690 1459 1742 impertita
1490 1690 1623 1737 filios,
1656 1691 1750 1729 tan-

109 1756 209 1794 dem
240 1755 390 1806 plures
421 1755 595 1795 videtur
634 1767 787 1806 parere
817 1767 907 1795 non
939 1756 1066 1803 velle,
1099 1756 1189 1796 nisi
1222 1756 1345 1807 prius
1392 1756 1676 1796 remittantur
1705 1756 1748 1793 vt

112 1821 301 1871 pariant,
333 1821 410 1872 qui
453 1821 592 1872 geniti
637 1823 743 1861 sunt
776 1833 828 1860 ex
858 1833 922 1861 ea.
958 1821 1058 1873 Hijs
1103 1822 1279 1865 addam,
1326 1822 1446 1873 quod
1490 1833 1580 1860 non
1625 1820 1750 1872 prius

108 1886 400 1926 occludentur
429 1887 560 1926 nobis
595 1886 932 1926 aduersantium
964 1899 1056 1935 ora,
1089 1899 1232 1938 neque
1275 1887 1408 1927 etiam
1440 1899 1521 1926 nos
1553 1899 1748 1938 vuquam

111 1954 298 2003 perfecte
328 1952 658 2003 amplexabitur
687 1953 768 1992 hec
801 1952 956 2003 patria,
1003 1953 1143 1992 donec
1187 1953 1488 2004 experimento
1532 1952 1657 2003 prius
1687 1953 1750 1992 di-

109 2018 298 2058 dicerint
327 2018 434 2069 quid
474 2018 680 2058 Christus
724 2019 849 2058 Iesus
881 2031 958 2070 per
987 2031 1114 2059 suam
1162 2019 1424 2059 Societatem
1458 2019 1504 2058 in
1534 2019 1623 2058 hiis
1654 2032 1751 2070 par-

111 2084 233 2123 tibus
275 2084 449 2135 operari
496 2084 700 2124 voluerit.
748 2084 850 2124 Ideo
881 2092 895 2111 ⁰
932 2085 982 2124 V.
1022 2085 1073 2124 R.
1107 2085 1155 2125 P.
1188 2097 1337 2125 amore
1381 2084 1545 2125 Christi
1590 2085 1750 2124 iterum

109 2160 346 2189 exoramus
376 2149 459 2189 hoc
493 2149 634 2200 primo
665 2162 765 2189 vere
794 2149 812 2175 d
834 2162 917 2190 nos
946 2150 1180 2190 exauditos
1210 2150 1279 2198 iri,
1312 2152 1353 2190 et
1383 2163 1515 2202 quam
1556 2151 1747 2201 primum

110 2214 478 2258 intellexerimus,
515 2214 724 2255 viaticum
748 2215 1030 2255 abundanter
1060 2216 1335 2256 remittemus
1366 2219 1393 2255 1.
1427 2215 1628 2256 Ceterum
1651 2227 1749 2255 sum

111 2280 183 2319 hic
213 2280 337 2320 solus
367 2292 468 2320 cum
498 2282 651 2320 nostro
681 2281 792 2320 fatre
824 2281 1015 2322 Iuliano.
1048 2282 1124 2333 qui
1156 2294 1326 2322 mecum
1349 2294 1401 2321 ex
1431 2282 1589 2321 Loreto
1610 2282 1747 2325 venit,

109 2348 151 2384 et
182 2345 261 2385 Dei
294 2345 506 2385 beneficio
538 2358 695 2386 sumus
725 2346 838 2395 sani,
879 2349 1106 2398 tamquam
1138 2347 1253 2386 nihil
1284 2348 1516 2395 habentes,
1548 2347 1595 2386 in
1624 2347 1750 2386 nullo

109 2413 258 2450 tamen
289 2411 558 2459 deficientes,
592 2412 707 2452 nihil
737 2425 761 2451 a
792 2425 1021 2464 quoquam
1065 2415 1263 2464 petentes
1296 2413 1491 2453 viuimus
1521 2416 1668 2453 tamen
1698 2424 1751 2452 ex

111 2476 200 2515 hiis
229 2476 527 2523 eleemosinis,
560 2489 673 2528 quas
702 2478 833 2517 nobis
866 2478 1047 2518 domum
1078 2478 1234 2518 diuina
1278 2478 1566 2518 Prouidentia
1598 2478 1747 2518 mittit.

192 2541 465 2586 Salutamus,
498 2543 809 2593 amplectimus
838 2545 880 2583 et
910 2544 1167 2584 osculamur
1187 2544 1238 2584 V.
1264 2545 1315 2584 R.
1339 2544 1385 2584 P.
1410 2556 1510 2584 eum
1540 2543 1750 2583 omnibus

110 2607 206 2646 suis
237 2607 434 2647 romanis
464 2608 511 2647 in
544 2608 790 2648 visceribus
821 2608 985 2649 Christi
1019 2610 1134 2657 Iesu,
1176 2622 1305 2661 quem
1344 2609 1641 2660 deprecemini
1672 2620 1750 2659 pro

174 2787 190 2805 a
213 2779 376 2812 Emcml.
402 2789 449 2812 ex
485 2780 639 2812 sensiat.
666 2799 704 2802 —
730 2781 747 2806 b
767 2782 893 2822 posset
931 2790 1057 2822 supra
1099 2790 1198 2813 rer-9.
1231 2800 1270 2803 —
1294 2792 1308 2808 c
1329 2781 1412 2813 Del.
1454 2782 1601 2813 iterum.
1627 2800 1665 2803 —
1688 2781 1705 2807 d
1727 2781 1751 2813 3

116 2840 175 2864 vv.
196 2841 331 2873 praec.
356 2842 481 2874 snpra
514 2842 617 2866 vers,

175 3008 184 3024 ¹
208 3005 364 3038 Scholae
387 3006 534 3047 collegii
558 3006 805 3039 Tornacensis
832 3016 931 3040 anno
956 3008 1036 3040 1562
1061 3008 1214 3040 initium
1239 3007 1465 3040 habuerunt.
1491 3007 1583 3041 Vide
1606 3007 1752 3041 Lcm'm'i

111 3058 288 3091 Monam.
313 3058 374 3098 VI,
398 3059 470 3098 339,
495 3060 578 3099 340;
604 3060 646 3092 A.
672 3059 873 3100 poscam,
898 3060 921 3092 l.
947 3069 977 3093 c.

186 3147 346 3175 LITTERAE
366 3147 645 3182 QUADRDIESTRES.
668 3165 699 3168 ——
720 3149 799 3176 Tou.
822 3148 878 3175 Vll
1648 3152 1681 3178 12
