2028 3531
338 285 406 320 (5702
811 284 1014 321 LITTERAE
1049 283 1393 328 anmmnsmas

1020 478 1131 525 603
1146 473 1198 502 bis

635 618 1006 668 MONACl-IIO
1044 615 1396 666 AUTUMNO
1443 615 1454 664 1
1473 614 1560 664 561

693 755 807 792 ORuo
835 765 1030 790 CLASSiUM
1061 765 1106 789 ET
1133 762 1469 789 PRAELECTIONUM
1498 752 1521 788 ¹.

398 874 427 923 ἢ
457 873 797 914 CATALOGUS
833 871 1159 911 LECTlONUM
1200 870 1268 909 ET
1308 867 1827 909 EXERCITATIONUM

294 939 418 989 QUAE
458 940 633 978 MONACI
664 950 707 978 IN
742 949 901 978 DUCAm
942 938 1200 977 SocfflrATis
1237 936 1344 976 JESU
1384 944 1598 975 COLLEGIO
1628 944 1715 973 Hoc
1745 944 1913 979 QUIDEM

296 1004 393 1043 1561
437 1014 554 1043 ANNO
584 1014 692 1043 PosT
723 1014 1028 1043 AUTUMNALEM
1058 1012 1317 1042 STUDIORUM
1346 1009 1738 1040 INSTAURAUONEM
1767 1009 1913 1038 FIUNT.

402 1069 447 1107 [x
479 1080 638 1108 CLASSE
668 1078 956 1107 RHETORICES.
990 1067 1110 1116 Quae
1139 1068 1343 1106 externos
1373 1066 1507 1104 habet
1535 1065 1596 1104 13.

402 1134 519 1173 Hora
542 1134 759 1173 matutina
779 1133 966 1183 septima
988 1132 1225 1171 traduntur
1246 1131 1635 1182 progymnasmata
1656 1128 1913 1175 rhetoricae,

295 1198 458 1249 quibus
488 1199 641 1242 finitis,
674 1199 908 1238 succedent
938 1197 1162 1237 Ciceronis
1192 1196 1467 1247 partitiones.

401 1263 525 1302 Nona
569 1264 691 1304 hora.
722 1263 954 1303 Orationes
997 1274 1177 1313 graecae
1221 1261 1427 1300 Isocratis
1471 1260 1795 1310 proponuntur,
1845 1257 1918 1297 ad-

296 1327 445 1367 iuncta
475 1329 664 1367 subinde
694 1328 980 1379 grammatica
1011 1338 1166 1378 graeca
1197 1325 1416 1366 Clenardi.

403 1393 507 1432 Post
537 1393 786 1443 prandium.
820 1393 967 1431 Prima
1006 1392 1115 1431 hora
1158 1391 1426 1442 praelegitur
1466 1388 1671 1428 Justinus
1714 1387 1919 1427 historio·

296 1458 506 1508 graphiis.

402 1522 603 1562 Secunda
633 1524 742 1562 hora
772 1523 962 1562 traditur
990 1522 1120 1561 tertia
1149 1520 1373 1561 Ciceronis
1404 1518 1661 1570 philippica.

403 1587 547 1627 Tertia
579 1589 688 1627 hora
730 1589 989 1639 repetuntur
1031 1587 1241 1626 lectiones
1283 1587 1385 1624 ante
1427 1584 1578 1631 lectae,
1610 1585 1653 1622 et
1685 1582 1921 1633 diligenter

298 1653 623 1693 examinantur.

404 1718 483 1757 Die
514 1719 687 1758 veneris
716 1718 857 1769 prima
887 1718 997 1757 hora
1026 1716 1248 1756 ordinarie
1278 1714 1548 1766 praelegitur
1573 1713 1740 1764 primae
1769 1714 1810 1751 et
1838 1711 1919 1750 0.)st2

297 1782 430 1822 classi
460 1783 756 1822 catechismus
785 1782 1054 1827 catholicus;

405 1847 523 1886 Hora
553 1848 616 1887 3.²²
637 1850 782 1887 autem
814 1847 1011 1886 eiusdem
1042 1846 1295 1896 disputatur
1324 1844 1371 1883 in
1401 1843 1635 1883 rhetorica.

405 1912 484 1951 Die
514 1912 720 1952 sabbathi
752 1924 879 1951 mane
909 1912 1018 1950 hora
1048 1911 1191 1961 prima
1211 1909 1451 1949 lectionum
1482 1909 1740 1959 repetuntur
1768 1916 1921 1946 omnes

298 1977 510 2016 lectiones
540 1977 677 2017 totius
706 1977 993 2027 septimanae.
1020 1976 1122 2014 Post
1151 1974 1385 2026 prandium
1408 1985 1512 2013 uero
1541 1973 1649 2012 hora
1682 1972 1741 2011 1.a
1762 1971 1921 2010 iterum

300 2042 550 2082 instituitur
578 2042 835 2093 disputatio.

405 2107 571 2146 Diebus
600 2106 837 2146 dominicis
866 2106 1111 2145 declamant
1144 2104 1294 2144 latine.

410 2174 457 2212 lx
488 2183 647 2213 CLASSE
676 2182 996 2212 HUMANITATIS.
1029 2170 1149 2220 Quae
1179 2172 1383 2209 externos
1413 2169 1545 2208 habet
1573 2168 1639 2208 30.

408 2238 521 2277 Ante
544 2237 782 2289 prandium
813 2238 835 2276 7
865 2244 883 2262 ἃ
904 2237 1014 2275 hora
1035 2236 1243 2285 leguntur
1263 2234 1407 2274 Offitia
1430 2233 1540 2274 Cice.
1562 2235 1605 2273 et
1624 2232 1805 2272 libellus
1828 2230 1923 2282 qui-

298 2303 400 2342 dam
430 2303 681 2342 succinctus
711 2302 764 2341 de
783 2301 910 2352 copia
930 2301 1164 2340 verborum
1185 2311 1234 2339 ac
1255 2311 1415 2347 rerum,
1439 2299 1515 2338 sed
1545 2297 1728 2337 alternis
1749 2296 1919 2336 diebus.

407 2368 533 2407 Nona
562 2368 672 2407 hora
700 2366 966 2418 proponitur
994 2365 1195 2416 syntaxis
1224 2364 1440 2415 quaedam
1472 2363 1691 2403 absoluta.

408 2434 512 2472 Post
550 2432 785 2484 prandium
830 2431 939 2470 hora
969 2431 1030 2470 1.a
1064 2429 1300 2469 traduntur
1342 2430 1572 2480 praecepta
1616 2425 1922 2478 grammatices

301 2510 482 2549 graecae
512 2497 732 2544 Clenardi,
760 2507 858 2535 cum
880 2495 1090 2546 adjuncta
1111 2494 1298 2544 epistola
1319 2505 1474 2544 graeca
1504 2492 1547 2532 S.
1571 2491 1724 2542 Basilij
1758 2489 1921 2541 Magni,

302 2563 376 2614 pia
405 2566 444 2602 et
476 2562 682 2613 eleganti.

363 2718 381 2736 a
402 2709 526 2741 Prius
548 2708 667 2750 prima
689 2707 762 2740 del.

366 2846 376 2864 ¹
400 2845 451 2876 Ex
474 2843 687 2886 apographo
710 2851 844 2875 coaevo
867 2841 906 2873 in
929 2841 1007 2873 cod.
1036 2840 1164 2872 Germ.
1189 2839 1272 2875 142,
1298 2839 1321 2871 f.
1345 2839 1423 2877 22&
1448 2838 1553 2880 prius
1576 2838 1647 2870 243.
1666 2836 1812 2870 Similes
1828 2836 1926 2868 cata-

303 2898 377 2939 logi
401 2898 558 2930 aliorum
581 2896 818 2937 collegiorum
843 2893 958 2926 videri
982 2893 1139 2934 possunt
1161 2892 1258 2933 apud
1292 2891 1500 2923 PACHTLER:
1539 2890 1656 2922 Ratio
1692 2888 1924 2921 Studiorum

303 2952 338 2984 et
353 2950 629 2983 Institutiones
651 2947 917 2981 scholasticae
933 2945 1141 2978 Societatz's
1156 2944 1251 2977 -Jesu
1260 2953 1336 2985 per
1354 2943 1613 2976 Germaniam
1629 2942 1723 2975 olim
1737 2941 1923 2982 vigyemtes,

304 3004 331 3043 Ι,
357 3004 426 3042 150,
452 3012 550 3045 sqq.:
591 3003 715 3034 DUHR:
754 3000 826 3033 Die
863 2999 1027 3031 altesten
1063 2997 1348 3038 Studienplane
1379 2996 1446 3029 des
1468 2993 1926 3037 Jesuitenyymnasiums

302 3056 350 3088 in
377 3055 487 3088 Koln.
