<?xml version="1.0" encoding="UTF-8"?>
<!DOCTYPE html PUBLIC "-//W3C//DTD XHTML 1.0 Transitional//EN"
    "http://www.w3.org/TR/xhtml1/DTD/xhtml1-transitional.dtd">
<html xmlns="http://www.w3.org/1999/xhtml" xml:lang="en" lang="en">
 <head>
  <title>
</title>
<meta http-equiv="Content-Type" content="text/html;charset=utf-8" />
  <meta name='ocr-system' content='tesseract 3.04.00' />
  <meta name='ocr-capabilities' content='ocr_page ocr_carea ocr_par ocr_line ocrx_word'/>
</head>
<body>
  <div class='ocr_page' id='page_1' title='image "./litteraequadrime1907lain_0525.png"; bbox 0 0 2028 3531; ppageno 0'>
   <div class='ocr_carea' id='block_1_1' title="bbox 478 294 1690 333">
    <p class='ocr_par' dir='ltr' id='par_1_1' title="bbox 478 294 1690 333">
     <span class='ocr_line' id='line_1_1' title="bbox 478 294 1690 333; baseline -0.001 -1"><span class='ocrx_word' id='word_1_1' title='bbox 478 297 558 332; x_wconf 75' lang='lat'>570.</span> <span class='ocrx_word' id='word_1_2' title='bbox 587 318 630 323; x_wconf 91' lang='lat'>—</span> <span class='ocrx_word' id='word_1_3' title='bbox 660 296 901 333; x_wconf 72' lang='lat' dir='ltr'>VINDOBONA</span> <span class='ocrx_word' id='word_1_4' title='bbox 931 295 946 330; x_wconf 88' lang='lat'>1</span> <span class='ocrx_word' id='word_1_5' title='bbox 977 294 1234 331; x_wconf 74' lang='lat' dir='ltr'>SEPTEMBais</span> <span class='ocrx_word' id='word_1_6' title='bbox 1264 295 1351 330; x_wconf 77' lang='grc'><strong>1561</strong></span> <span class='ocrx_word' id='word_1_7' title='bbox 1620 295 1690 331; x_wconf 76' lang='grc'>499</span> 
     </span>
    </p>
   </div>
   <div class='ocr_carea' id='block_1_2' title="bbox 102 413 1745 2812">
    <p class='ocr_par' dir='ltr' id='par_1_2' title="bbox 102 413 1740 717">
     <span class='ocr_line' id='line_1_2' title="bbox 102 413 1739 467; baseline -0.004 -9"><span class='ocrx_word' id='word_1_8' title='bbox 102 430 184 458; x_wconf 85' lang='lat' dir='ltr'>sua</span> <span class='ocrx_word' id='word_1_9' title='bbox 213 416 462 458; x_wconf 80' lang='lat' dir='ltr'>clementia.</span> <span class='ocrx_word' id='word_1_10' title='bbox 495 416 556 455; x_wconf 91' lang='lat' dir='ltr'>ita</span> <span class='ocrx_word' id='word_1_11' title='bbox 585 427 763 467; x_wconf 81' lang='lat' dir='ltr'>quoque</span> <span class='ocrx_word' id='word_1_12' title='bbox 793 414 954 466; x_wconf 86' lang='lat' dir='ltr'>petitos</span> <span class='ocrx_word' id='word_1_13' title='bbox 996 414 1052 453; x_wconf 90' lang='lat' dir='ltr'>ab</span> <span class='ocrx_word' id='word_1_14' title='bbox 1095 425 1146 453; x_wconf 92' lang='lat' dir='ltr'>eo</span> <span class='ocrx_word' id='word_1_15' title='bbox 1181 413 1373 459; x_wconf 85' lang='lat' dir='ltr'>fauores,</span> <span class='ocrx_word' id='word_1_16' title='bbox 1407 413 1453 452; x_wconf 91' lang='lat' dir='ltr'>in</span> <span class='ocrx_word' id='word_1_17' title='bbox 1483 425 1618 452; x_wconf 86' lang='lat' dir='ltr'>causa</span> <span class='ocrx_word' id='word_1_18' title='bbox 1649 426 1739 453; x_wconf 87' lang='lat' dir='ltr'>ma-</span> 
     </span>
     <span class='ocr_line' id='line_1_3' title="bbox 102 478 1739 533; baseline -0.003 -11"><span class='ocrx_word' id='word_1_19' title='bbox 102 483 219 523; x_wconf 82' lang='lat' dir='ltr'>xime</span> <span class='ocrx_word' id='word_1_20' title='bbox 250 481 496 533; x_wconf 78' lang='lat' dir='ltr'>religionis,</span> <span class='ocrx_word' id='word_1_21' title='bbox 528 493 608 520; x_wconf 90' lang='lat' dir='ltr'>nec</span> <span class='ocrx_word' id='word_1_22' title='bbox 638 481 783 527; x_wconf 85' lang='lat' dir='ltr'>nobis,</span> <span class='ocrx_word' id='word_1_23' title='bbox 807 491 886 519; x_wconf 90' lang='lat' dir='ltr'>nec</span> <span class='ocrx_word' id='word_1_24' title='bbox 916 479 1034 530; x_wconf 85' lang='lat' dir='ltr'>alijs,</span> <span class='ocrx_word' id='word_1_25' title='bbox 1058 479 1175 530; x_wconf 86' lang='lat' dir='ltr'>quod</span> <span class='ocrx_word' id='word_1_26' title='bbox 1207 478 1360 526; x_wconf 85' lang='lat' dir='ltr'>sciam,</span> <span class='ocrx_word' id='word_1_27' title='bbox 1384 478 1494 517; x_wconf 83' lang='lat' dir='ltr'>viris</span> <span class='ocrx_word' id='word_1_28' title='bbox 1515 478 1739 529; x_wconf 80' lang='lat' dir='ltr'>religiosis</span> 
     </span>
     <span class='ocr_line' id='line_1_4' title="bbox 102 543 1740 599; baseline -0.002 -12"><span class='ocrx_word' id='word_1_29' title='bbox 102 547 341 599; x_wconf 86' lang='lat' dir='ltr'>denegauit</span> <span class='ocrx_word' id='word_1_30' title='bbox 380 558 591 598; x_wconf 86' lang='lat' dir='ltr'>vnquam.</span> <span class='ocrx_word' id='word_1_31' title='bbox 625 546 760 585; x_wconf 89' lang='lat' dir='ltr'>Plura</span> <span class='ocrx_word' id='word_1_32' title='bbox 804 545 876 584; x_wconf 83' lang='lat' dir='ltr'>hic</span> <span class='ocrx_word' id='word_1_33' title='bbox 919 544 1124 584; x_wconf 87' lang='lat' dir='ltr'>consulto</span> <span class='ocrx_word' id='word_1_34' title='bbox 1168 544 1240 583; x_wconf 86' lang='lat' dir='ltr'>his</span> <span class='ocrx_word' id='word_1_35' title='bbox 1283 543 1494 583; x_wconf 88' lang='lat' dir='ltr'>omnibus</span> <span class='ocrx_word' id='word_1_36' title='bbox 1523 543 1576 583; x_wconf 89' lang='lat' dir='ltr'>de</span> <span class='ocrx_word' id='word_1_37' title='bbox 1606 544 1740 584; x_wconf 85' lang='lat' dir='ltr'>rebus</span> 
     </span>
     <span class='ocr_line' id='line_1_5' title="bbox 102 609 1739 661; baseline -0.002 -9"><span class='ocrx_word' id='word_1_38' title='bbox 102 613 366 659; x_wconf 85' lang='lat' dir='ltr'>omittimus,</span> <span class='ocrx_word' id='word_1_39' title='bbox 398 611 688 651; x_wconf 83' lang='lat' dir='ltr'>commodiori</span> <span class='ocrx_word' id='word_1_40' title='bbox 717 613 929 661; x_wconf 86' lang='lat' dir='ltr'>tempore,</span> <span class='ocrx_word' id='word_1_41' title='bbox 961 612 1003 649; x_wconf 90' lang='lat' dir='ltr'>et</span> <span class='ocrx_word' id='word_1_42' title='bbox 1032 610 1129 649; x_wconf 88' lang='lat' dir='ltr'>loco</span> <span class='ocrx_word' id='word_1_43' title='bbox 1154 609 1306 648; x_wconf 85' lang='lat' dir='ltr'>eadem</span> <span class='ocrx_word' id='word_1_44' title='bbox 1338 609 1525 648; x_wconf 86' lang='lat' dir='ltr'>fortasse</span> <span class='ocrx_word' id='word_1_45' title='bbox 1555 609 1739 648; x_wconf 89' lang='lat' dir='ltr'>relaturi</span> 
     </span>
     <span class='ocr_line' id='line_1_6' title="bbox 104 677 583 717; baseline -0.002 0"><span class='ocrx_word' id='word_1_46' title='bbox 104 677 260 717; x_wconf 90' lang='lat' dir='ltr'>maiori</span> <span class='ocrx_word' id='word_1_47' title='bbox 291 689 390 717; x_wconf 87' lang='lat' dir='ltr'>cum</span> <span class='ocrx_word' id='word_1_48' title='bbox 422 677 583 716; x_wconf 89' lang='lat' dir='ltr'>fructu.</span> 
     </span>
    </p>

    <p class='ocr_par' dir='ltr' id='par_1_3' title="bbox 102 739 1745 2812">
     <span class='ocr_line' id='line_1_7' title="bbox 184 739 1739 791; baseline -0.003 -9"><span class='ocrx_word' id='word_1_49' title='bbox 184 743 247 782; x_wconf 60' lang='lat'>1⁰2.</span> <span class='ocrx_word' id='word_1_50' title='bbox 280 741 522 782; x_wconf 88' lang='lat' dir='ltr'>Contiones</span> <span class='ocrx_word' id='word_1_51' title='bbox 555 744 811 781; x_wconf 88' lang='lat' dir='ltr'>nostrorum</span> <span class='ocrx_word' id='word_1_52' title='bbox 855 741 911 780; x_wconf 92' lang='lat' dir='ltr'>ad</span> <span class='ocrx_word' id='word_1_53' title='bbox 956 740 1170 791; x_wconf 84' lang='lat' dir='ltr'>populum</span> <span class='ocrx_word' id='word_1_54' title='bbox 1216 739 1576 791; x_wconf 84' lang='lat' dir='ltr'>frequentissime</span> <span class='ocrx_word' id='word_1_55' title='bbox 1605 739 1739 779; x_wconf 89' lang='lat' dir='ltr'>etiam</span> 
     </span>
     <span class='ocr_line' id='line_1_8' title="bbox 103 804 1738 859; baseline -0.002 -12"><span class='ocrx_word' id='word_1_56' title='bbox 103 808 339 859; x_wconf 85' lang='lat' dir='ltr'>primarias</span> <span class='ocrx_word' id='word_1_57' title='bbox 368 807 566 847; x_wconf 84' lang='lat' dir='ltr'>ciuitatis</span> <span class='ocrx_word' id='word_1_58' title='bbox 586 806 797 846; x_wconf 88' lang='lat' dir='ltr'>ecclesias</span> <span class='ocrx_word' id='word_1_59' title='bbox 830 814 863 853; x_wconf 63' lang='grc' dir='ltr'>ἃ,</span> <span class='ocrx_word' id='word_1_60' title='bbox 895 808 988 845; x_wconf 89' lang='lat' dir='ltr'>toto</span> <span class='ocrx_word' id='word_1_61' title='bbox 1018 805 1102 844; x_wconf 90' lang='lat' dir='ltr'>hoc</span> <span class='ocrx_word' id='word_1_62' title='bbox 1123 807 1319 856; x_wconf 89' lang='lat' dir='ltr'>tempore</span> <span class='ocrx_word' id='word_1_63' title='bbox 1341 804 1520 844; x_wconf 86' lang='lat' dir='ltr'>habitae</span> <span class='ocrx_word' id='word_1_64' title='bbox 1544 804 1738 853; x_wconf 76' lang='lat' dir='ltr'>fuerunt,</span> 
     </span>
     <span class='ocr_line' id='line_1_9' title="bbox 103 870 1738 923; baseline -0.002 -11"><span class='ocrx_word' id='word_1_65' title='bbox 103 875 227 913; x_wconf 86' lang='lat' dir='ltr'>tanto</span> <span class='ocrx_word' id='word_1_66' title='bbox 269 872 470 912; x_wconf 89' lang='lat' dir='ltr'>omnium</span> <span class='ocrx_word' id='word_1_67' title='bbox 514 872 751 923; x_wconf 74' lang='lat' dir='ltr'>applausu,</span> <span class='ocrx_word' id='word_1_68' title='bbox 783 871 965 917; x_wconf 86' lang='lat' dir='ltr'>solacio,</span> <span class='ocrx_word' id='word_1_69' title='bbox 1012 870 1264 920; x_wconf 86' lang='lat' dir='ltr'>fructuque,</span> <span class='ocrx_word' id='word_1_70' title='bbox 1297 872 1345 909; x_wconf 87' lang='lat' dir='ltr'>ut</span> <span class='ocrx_word' id='word_1_71' title='bbox 1388 871 1507 909; x_wconf 88' lang='lat' dir='ltr'>certo</span> <span class='ocrx_word' id='word_1_72' title='bbox 1551 871 1738 918; x_wconf 88' lang='lat' dir='ltr'>constet,</span> 
     </span>
     <span class='ocr_line' id='line_1_10' title="bbox 103 935 1739 989; baseline -0.002 -11"><span class='ocrx_word' id='word_1_73' title='bbox 103 938 315 978; x_wconf 89' lang='lat' dir='ltr'>maiorem</span> <span class='ocrx_word' id='word_1_74' title='bbox 346 938 607 989; x_wconf 87' lang='lat' dir='ltr'>plerumque</span> <span class='ocrx_word' id='word_1_75' title='bbox 636 949 687 977; x_wconf 89' lang='lat' dir='ltr'>eo</span> <span class='ocrx_word' id='word_1_76' title='bbox 717 936 811 977; x_wconf 86' lang='lat' dir='ltr'>fieri</span> <span class='ocrx_word' id='word_1_77' title='bbox 837 948 1120 982; x_wconf 86' lang='lat' dir='ltr'>concursum,</span> <span class='ocrx_word' id='word_1_78' title='bbox 1144 935 1221 975; x_wconf 89' lang='lat' dir='ltr'>ubi</span> <span class='ocrx_word' id='word_1_79' title='bbox 1244 935 1383 974; x_wconf 92' lang='lat' dir='ltr'>nostri</span> <span class='ocrx_word' id='word_1_80' title='bbox 1406 935 1739 983; x_wconf 81' lang='lat' dir='ltr'>contionantur,</span> 
     </span>
     <span class='ocr_line' id='line_1_11' title="bbox 102 1000 1742 1055; baseline -0.002 -12"><span class='ocrx_word' id='word_1_81' title='bbox 102 1016 236 1055; x_wconf 89' lang='lat' dir='ltr'>quam</span> <span class='ocrx_word' id='word_1_82' title='bbox 267 1003 370 1044; x_wconf 91' lang='lat' dir='ltr'>alio.</span> <span class='ocrx_word' id='word_1_83' title='bbox 402 1003 517 1042; x_wconf 91' lang='lat' dir='ltr'>Hinc</span> <span class='ocrx_word' id='word_1_84' title='bbox 546 1005 612 1042; x_wconf 88' lang='lat' dir='ltr'>est</span> <span class='ocrx_word' id='word_1_85' title='bbox 642 1002 761 1053; x_wconf 86' lang='lat' dir='ltr'>quod</span> <span class='ocrx_word' id='word_1_86' title='bbox 796 1001 1144 1042; x_wconf 82' lang='lat' dir='ltr'>solemnioribus</span> <span class='ocrx_word' id='word_1_87' title='bbox 1188 1000 1527 1048; x_wconf 85' lang='lat' dir='ltr'>festiuitatibus‚</span> <span class='ocrx_word' id='word_1_88' title='bbox 1560 1000 1742 1051; x_wconf 85' lang='lat' dir='ltr'>illisque</span> 
     </span>
     <span class='ocr_line' id='line_1_12' title="bbox 102 1065 1742 1120; baseline -0.002 -12"><span class='ocrx_word' id='word_1_89' title='bbox 102 1069 379 1120; x_wconf 77' lang='lat' dir='ltr'>temporibus</span> <span class='ocrx_word' id='word_1_90' title='bbox 408 1068 588 1120; x_wconf 86' lang='lat' dir='ltr'>quando</span> <span class='ocrx_word' id='word_1_91' title='bbox 619 1067 1031 1119; x_wconf 87' lang='lat' dir='ltr'>frequentissimum</span> <span class='ocrx_word' id='word_1_92' title='bbox 1062 1066 1296 1117; x_wconf 80' lang='lat' dir='ltr'>religionis</span> <span class='ocrx_word' id='word_1_93' title='bbox 1338 1077 1473 1105; x_wconf 85' lang='lat' dir='ltr'>causa</span> <span class='ocrx_word' id='word_1_94' title='bbox 1503 1065 1616 1105; x_wconf 88' lang='lat' dir='ltr'>solet</span> <span class='ocrx_word' id='word_1_95' title='bbox 1645 1077 1742 1105; x_wconf 89' lang='lat' dir='ltr'>esse</span> 
     </span>
     <span class='ocr_line' id='line_1_13' title="bbox 103 1130 1741 1184; baseline -0.002 -11"><span class='ocrx_word' id='word_1_96' title='bbox 103 1133 391 1180; x_wconf 83' lang='lat' dir='ltr'>auditorium,</span> <span class='ocrx_word' id='word_1_97' title='bbox 424 1145 515 1172; x_wconf 88' lang='lat' dir='ltr'>non</span> <span class='ocrx_word' id='word_1_98' title='bbox 545 1133 634 1172; x_wconf 91' lang='lat' dir='ltr'>alio</span> <span class='ocrx_word' id='word_1_99' title='bbox 664 1144 797 1184; x_wconf 86' lang='lat' dir='ltr'>quam</span> <span class='ocrx_word' id='word_1_100' title='bbox 829 1133 916 1172; x_wconf 91' lang='lat' dir='ltr'>huc</span> <span class='ocrx_word' id='word_1_101' title='bbox 937 1132 993 1171; x_wconf 87' lang='lat' dir='ltr'>ad</span> <span class='ocrx_word' id='word_1_102' title='bbox 1022 1143 1105 1171; x_wconf 90' lang='lat' dir='ltr'>nos</span> <span class='ocrx_word' id='word_1_103' title='bbox 1135 1132 1191 1171; x_wconf 90' lang='lat' dir='ltr'>ab</span> <span class='ocrx_word' id='word_1_104' title='bbox 1220 1130 1328 1178; x_wconf 83' lang='lat' dir='ltr'>illis,</span> <span class='ocrx_word' id='word_1_105' title='bbox 1351 1130 1429 1182; x_wconf 90' lang='lat' dir='ltr'>qui</span> <span class='ocrx_word' id='word_1_106' title='bbox 1454 1142 1605 1170; x_wconf 89' lang='lat' dir='ltr'>curam</span> <span class='ocrx_word' id='word_1_107' title='bbox 1636 1132 1741 1170; x_wconf 90' lang='lat' dir='ltr'>tem-</span> 
     </span>
     <span class='ocr_line' id='line_1_14' title="bbox 103 1196 1742 1251; baseline -0.002 -12"><span class='ocrx_word' id='word_1_108' title='bbox 103 1200 279 1251; x_wconf 91' lang='lat' dir='ltr'>plorum</span> <span class='ocrx_word' id='word_1_109' title='bbox 309 1200 484 1250; x_wconf 86' lang='lat' dir='ltr'>gerunt,</span> <span class='ocrx_word' id='word_1_110' title='bbox 517 1200 808 1238; x_wconf 76' lang='lat' dir='ltr'>concurratur</span> <span class='ocrx_word' id='word_1_111' title='bbox 837 1197 1183 1237; x_wconf 90' lang='lat' dir='ltr'>obtinendorum</span> <span class='ocrx_word' id='word_1_112' title='bbox 1213 1209 1236 1236; x_wconf 91' lang='lat' dir='ltr'>e</span> <span class='ocrx_word' id='word_1_113' title='bbox 1266 1196 1432 1236; x_wconf 87' lang='lat' dir='ltr'>nostris</span> <span class='ocrx_word' id='word_1_114' title='bbox 1466 1196 1742 1236; x_wconf 89' lang='lat' dir='ltr'>contionato-</span> 
     </span>
     <span class='ocr_line' id='line_1_15' title="bbox 104 1261 1742 1316; baseline -0.003 -11"><span class='ocrx_word' id='word_1_115' title='bbox 104 1277 199 1305; x_wconf 90' lang='lat' dir='ltr'>rum</span> <span class='ocrx_word' id='word_1_116' title='bbox 231 1276 350 1316; x_wconf 85' lang='lat' dir='ltr'>ergo.</span> <span class='ocrx_word' id='word_1_117' title='bbox 383 1264 534 1316; x_wconf 83' lang='lat' dir='ltr'>Neque</span> <span class='ocrx_word' id='word_1_118' title='bbox 565 1263 664 1303; x_wconf 90' lang='lat' dir='ltr'>ideo</span> <span class='ocrx_word' id='word_1_119' title='bbox 695 1265 843 1303; x_wconf 87' lang='lat' dir='ltr'>tamen</span> <span class='ocrx_word' id='word_1_120' title='bbox 874 1263 1037 1303; x_wconf 84' lang='lat' dir='ltr'>vsitata</span> <span class='ocrx_word' id='word_1_121' title='bbox 1066 1274 1169 1314; x_wconf 88' lang='lat' dir='ltr'>erga</span> <span class='ocrx_word' id='word_1_122' title='bbox 1204 1262 1407 1302; x_wconf 85' lang='lat' dir='ltr'>infirmos</span> <span class='ocrx_word' id='word_1_123' title='bbox 1437 1264 1570 1313; x_wconf 83' lang='lat' dir='ltr'>atque</span> <span class='ocrx_word' id='word_1_124' title='bbox 1600 1261 1742 1301; x_wconf 89' lang='lat' dir='ltr'>incar-</span> 
     </span>
     <span class='ocr_line' id='line_1_16' title="bbox 103 1327 1742 1379; baseline -0.002 -9"><span class='ocrx_word' id='word_1_125' title='bbox 103 1332 273 1370; x_wconf 80' lang='lat' dir='ltr'>ceratos</span> <span class='ocrx_word' id='word_1_126' title='bbox 302 1332 480 1370; x_wconf 87' lang='lat' dir='ltr'>nostrae</span> <span class='ocrx_word' id='word_1_127' title='bbox 510 1329 745 1370; x_wconf 87' lang='lat' dir='ltr'>Societatis</span> <span class='ocrx_word' id='word_1_128' title='bbox 775 1329 917 1368; x_wconf 86' lang='lat' dir='ltr'>officia</span> <span class='ocrx_word' id='word_1_129' title='bbox 949 1328 1254 1379; x_wconf 87' lang='lat' dir='ltr'>negliguntur.</span> <span class='ocrx_word' id='word_1_130' title='bbox 1283 1327 1490 1378; x_wconf 85' lang='lat' dir='ltr'>Magnam</span> <span class='ocrx_word' id='word_1_131' title='bbox 1519 1327 1742 1378; x_wconf 88' lang='lat' dir='ltr'>siquidem</span> 
     </span>
     <span class='ocr_line' id='line_1_17' title="bbox 103 1392 1742 1445; baseline -0.003 -9"><span class='ocrx_word' id='word_1_132' title='bbox 103 1397 212 1436; x_wconf 89' lang='lat' dir='ltr'>haec</span> <span class='ocrx_word' id='word_1_133' title='bbox 242 1396 459 1435; x_wconf 81' lang='lat' dir='ltr'>virtutum</span> <span class='ocrx_word' id='word_1_134' title='bbox 488 1394 848 1442; x_wconf 78' lang='lat' dir='ltr'>exercitamenta,</span> <span class='ocrx_word' id='word_1_135' title='bbox 881 1394 1047 1445; x_wconf 86' lang='lat' dir='ltr'>quibus</span> <span class='ocrx_word' id='word_1_136' title='bbox 1077 1394 1249 1433; x_wconf 88' lang='lat' dir='ltr'>ratione</span> <span class='ocrx_word' id='word_1_137' title='bbox 1279 1393 1475 1432; x_wconf 86' lang='lat' dir='ltr'>instituti</span> <span class='ocrx_word' id='word_1_138' title='bbox 1507 1392 1648 1432; x_wconf 78' lang='lat' dir='ltr'>nostri</span> <span class='ocrx_word' id='word_1_139' title='bbox 1678 1403 1742 1431; x_wconf 89' lang='lat' dir='ltr'>se-</span> 
     </span>
     <span class='ocr_line' id='line_1_18' title="bbox 103 1457 1744 1512; baseline -0.003 -11"><span class='ocrx_word' id='word_1_140' title='bbox 103 1462 255 1502; x_wconf 89' lang='lat' dir='ltr'>dulam</span> <span class='ocrx_word' id='word_1_141' title='bbox 286 1460 540 1512; x_wconf 89' lang='lat' dir='ltr'>impendere</span> <span class='ocrx_word' id='word_1_142' title='bbox 570 1471 748 1511; x_wconf 85' lang='lat' dir='ltr'>operam</span> <span class='ocrx_word' id='word_1_143' title='bbox 781 1462 1004 1507; x_wconf 89' lang='lat' dir='ltr'>tenentur,</span> <span class='ocrx_word' id='word_1_144' title='bbox 1037 1459 1203 1510; x_wconf 89' lang='lat' dir='ltr'>populo</span> <span class='ocrx_word' id='word_1_145' title='bbox 1233 1458 1340 1498; x_wconf 90' lang='lat' dir='ltr'>huic</span> <span class='ocrx_word' id='word_1_146' title='bbox 1359 1457 1595 1498; x_wconf 72' lang='lat' dir='ltr'>viennensi</span> <span class='ocrx_word' id='word_1_147' title='bbox 1626 1457 1744 1497; x_wconf 92' lang='lat' dir='ltr'>aedi-</span> 
     </span>
     <span class='ocr_line' id='line_1_19' title="bbox 103 1522 1744 1577; baseline -0.004 -10"><span class='ocrx_word' id='word_1_148' title='bbox 103 1527 355 1567; x_wconf 86' lang='lat' dir='ltr'>ficationem</span> <span class='ocrx_word' id='word_1_149' title='bbox 402 1525 627 1577; x_wconf 88' lang='lat' dir='ltr'>peperisse</span> <span class='ocrx_word' id='word_1_150' title='bbox 674 1537 754 1576; x_wconf 91' lang='lat' dir='ltr'>pro</span> <span class='ocrx_word' id='word_1_151' title='bbox 797 1527 1022 1576; x_wconf 87' lang='lat' dir='ltr'>comperto</span> <span class='ocrx_word' id='word_1_152' title='bbox 1071 1525 1303 1564; x_wconf 87' lang='lat' dir='ltr'>habemus.</span> <span class='ocrx_word' id='word_1_153' title='bbox 1349 1523 1413 1563; x_wconf 90' lang='lat' dir='ltr'>De</span> <span class='ocrx_word' id='word_1_154' title='bbox 1455 1522 1744 1563; x_wconf 86' lang='lat' dir='ltr'>contionibus</span> 
     </span>
     <span class='ocr_line' id='line_1_20' title="bbox 103 1588 1741 1643; baseline -0.003 -11"><span class='ocrx_word' id='word_1_155' title='bbox 103 1594 251 1633; x_wconf 89' lang='lat' dir='ltr'>autem</span> <span class='ocrx_word' id='word_1_156' title='bbox 282 1592 337 1632; x_wconf 81' lang='lat' dir='ltr'>M.</span> <span class='ocrx_word' id='word_1_157' title='bbox 370 1591 570 1643; x_wconf 84' lang='lat' dir='ltr'>Gregorij</span> <span class='ocrx_word' id='word_1_158' title='bbox 604 1594 615 1615; x_wconf 77' lang='lat'>²</span> <span class='ocrx_word' id='word_1_159' title='bbox 647 1591 694 1630; x_wconf 93' lang='lat' dir='ltr'>in</span> <span class='ocrx_word' id='word_1_160' title='bbox 732 1591 898 1642; x_wconf 91' lang='lat' dir='ltr'>templo</span> <span class='ocrx_word' id='word_1_161' title='bbox 938 1592 1090 1629; x_wconf 90' lang='lat' dir='ltr'>nostro</span> <span class='ocrx_word' id='word_1_162' title='bbox 1121 1589 1233 1629; x_wconf 88' lang='lat' dir='ltr'>mira</span> <span class='ocrx_word' id='word_1_163' title='bbox 1262 1601 1385 1637; x_wconf 87' lang='lat' dir='ltr'>sane,</span> <span class='ocrx_word' id='word_1_164' title='bbox 1417 1589 1509 1628; x_wconf 92' lang='lat' dir='ltr'>Deo</span> <span class='ocrx_word' id='word_1_165' title='bbox 1539 1588 1597 1628; x_wconf 90' lang='lat' dir='ltr'>sit</span> <span class='ocrx_word' id='word_1_166' title='bbox 1626 1588 1741 1635; x_wconf 80' lang='lat' dir='ltr'>laus,</span> 
     </span>
     <span class='ocr_line' id='line_1_21' title="bbox 104 1654 1745 1709; baseline -0.003 -11"><span class='ocrx_word' id='word_1_167' title='bbox 104 1660 391 1709; x_wconf 88' lang='lat' dir='ltr'>sparguntur.</span> <span class='ocrx_word' id='word_1_168' title='bbox 424 1656 616 1707; x_wconf 85' lang='lat' dir='ltr'>Quidam</span> <span class='ocrx_word' id='word_1_169' title='bbox 645 1656 764 1696; x_wconf 89' lang='lat' dir='ltr'>enim</span> <span class='ocrx_word' id='word_1_170' title='bbox 787 1655 1041 1707; x_wconf 88' lang='lat' dir='ltr'>nuperrime</span> <span class='ocrx_word' id='word_1_171' title='bbox 1073 1656 1138 1707; x_wconf 90' lang='lat' dir='ltr'>(ut</span> <span class='ocrx_word' id='word_1_172' title='bbox 1167 1655 1220 1695; x_wconf 90' lang='lat' dir='ltr'>de</span> <span class='ocrx_word' id='word_1_173' title='bbox 1250 1654 1353 1706; x_wconf 88' lang='lat' dir='ltr'>alijs</span> <span class='ocrx_word' id='word_1_174' title='bbox 1374 1654 1559 1705; x_wconf 90' lang='lat' dir='ltr'>taceam)</span> <span class='ocrx_word' id='word_1_175' title='bbox 1590 1654 1745 1694; x_wconf 89' lang='lat' dir='ltr'>doctor</span> 
     </span>
     <span class='ocr_line' id='line_1_22' title="bbox 103 1719 1744 1772; baseline -0.003 -9"><span class='ocrx_word' id='word_1_176' title='bbox 103 1724 235 1763; x_wconf 89' lang='lat' dir='ltr'>nobis</span> <span class='ocrx_word' id='word_1_177' title='bbox 265 1723 581 1769; x_wconf 81' lang='lat' dir='ltr'>amicissimus,</span> <span class='ocrx_word' id='word_1_178' title='bbox 614 1734 665 1761; x_wconf 87' lang='lat' dir='ltr'>ac</span> <span class='ocrx_word' id='word_1_179' title='bbox 694 1721 762 1761; x_wconf 80' lang='lat' dir='ltr'>vir</span> <span class='ocrx_word' id='word_1_180' title='bbox 791 1721 875 1761; x_wconf 88' lang='lat' dir='ltr'>fide</span> <span class='ocrx_word' id='word_1_181' title='bbox 905 1721 1086 1772; x_wconf 87' lang='lat' dir='ltr'>dignus,</span> <span class='ocrx_word' id='word_1_182' title='bbox 1118 1723 1160 1761; x_wconf 81' lang='lat' dir='ltr'>et</span> <span class='ocrx_word' id='word_1_183' title='bbox 1189 1720 1267 1772; x_wconf 87' lang='lat' dir='ltr'>qui</span> <span class='ocrx_word' id='word_1_184' title='bbox 1288 1721 1345 1760; x_wconf 93' lang='lat' dir='ltr'>ob</span> <span class='ocrx_word' id='word_1_185' title='bbox 1365 1720 1468 1760; x_wconf 85' lang='lat' dir='ltr'>fidei</span> <span class='ocrx_word' id='word_1_186' title='bbox 1497 1719 1744 1760; x_wconf 87' lang='lat' dir='ltr'>catholicae</span> 
     </span>
     <span class='ocr_line' id='line_1_23' title="bbox 104 1785 1744 1838; baseline -0.003 -9"><span class='ocrx_word' id='word_1_187' title='bbox 104 1788 431 1829; x_wconf 86' lang='lat' dir='ltr'>defenssionem</span> <span class='ocrx_word' id='word_1_188' title='bbox 469 1787 610 1827; x_wconf 83' lang='lat' dir='ltr'>multa</span> <span class='ocrx_word' id='word_1_189' title='bbox 639 1788 695 1827; x_wconf 93' lang='lat' dir='ltr'>ab</span> <span class='ocrx_word' id='word_1_190' title='bbox 739 1786 976 1827; x_wconf 87' lang='lat' dir='ltr'>haereticis</span> <span class='ocrx_word' id='word_1_191' title='bbox 1020 1798 1180 1838; x_wconf 84' lang='lat' dir='ltr'>passus</span> <span class='ocrx_word' id='word_1_192' title='bbox 1224 1786 1402 1833; x_wconf 89' lang='lat' dir='ltr'>dicitur,</span> <span class='ocrx_word' id='word_1_193' title='bbox 1435 1785 1518 1825; x_wconf 91' lang='lat' dir='ltr'>has</span> <span class='ocrx_word' id='word_1_194' title='bbox 1551 1785 1744 1825; x_wconf 90' lang='lat' dir='ltr'>aliorum</span> 
     </span>
     <span class='ocr_line' id='line_1_24' title="bbox 104 1851 1745 1902; baseline -0.002 -8"><span class='ocrx_word' id='word_1_195' title='bbox 104 1854 263 1894; x_wconf 88' lang='lat' dir='ltr'>rectori</span> <span class='ocrx_word' id='word_1_196' title='bbox 293 1856 446 1894; x_wconf 86' lang='lat' dir='ltr'>nostro</span> <span class='ocrx_word' id='word_1_197' title='bbox 477 1853 694 1893; x_wconf 84' lang='lat' dir='ltr'>referebat</span> <span class='ocrx_word' id='word_1_198' title='bbox 724 1864 874 1893; x_wconf 85' lang='lat' dir='ltr'>Voces:</span> <span class='ocrx_word' id='word_1_199' title='bbox 906 1852 1117 1892; x_wconf 90' lang='lat' dir='ltr'>iuuenem</span> <span class='ocrx_word' id='word_1_200' title='bbox 1138 1851 1259 1891; x_wconf 90' lang='lat' dir='ltr'>hunc</span> <span class='ocrx_word' id='word_1_201' title='bbox 1280 1851 1395 1891; x_wconf 90' lang='lat' dir='ltr'>nihil</span> <span class='ocrx_word' id='word_1_202' title='bbox 1417 1851 1541 1891; x_wconf 89' lang='lat' dir='ltr'>aliud</span> <span class='ocrx_word' id='word_1_203' title='bbox 1572 1853 1745 1902; x_wconf 90' lang='lat' dir='ltr'>praeter</span> 
     </span>
     <span class='ocr_line' id='line_1_25' title="bbox 104 1916 1745 1972; baseline -0.002 -12"><span class='ocrx_word' id='word_1_204' title='bbox 104 1920 409 1972; x_wconf 89' lang='lat' dir='ltr'>euangelicam</span> <span class='ocrx_word' id='word_1_205' title='bbox 427 1919 675 1959; x_wconf 86' lang='lat' dir='ltr'>doctrinam</span> <span class='ocrx_word' id='word_1_206' title='bbox 692 1918 958 1966; x_wconf 72' lang='lat' dir='ltr'>contionari,</span> <span class='ocrx_word' id='word_1_207' title='bbox 979 1917 1176 1957; x_wconf 89' lang='lat' dir='ltr'>mirabili</span> <span class='ocrx_word' id='word_1_208' title='bbox 1193 1917 1403 1957; x_wconf 86' lang='lat' dir='ltr'>facundia</span> <span class='ocrx_word' id='word_1_209' title='bbox 1419 1916 1745 1967; x_wconf 87' lang='lat' dir='ltr'>sanctitateque</span> 
     </span>
     <span class='ocr_line' id='line_1_26' title="bbox 104 1982 1744 2037; baseline -0.003 -11"><span class='ocrx_word' id='word_1_210' title='bbox 104 1997 200 2026; x_wconf 89' lang='lat' dir='ltr'>esse</span> <span class='ocrx_word' id='word_1_211' title='bbox 230 1985 505 2037; x_wconf 75' lang='lat' dir='ltr'>praeditun13</span> <span class='ocrx_word' id='word_1_212' title='bbox 538 1984 758 2036; x_wconf 88' lang='lat' dir='ltr'>plurimos</span> <span class='ocrx_word' id='word_1_213' title='bbox 779 1984 835 2023; x_wconf 88' lang='lat' dir='ltr'>ab</span> <span class='ocrx_word' id='word_1_214' title='bbox 856 1983 1180 2023; x_wconf 89' lang='lat' dir='ltr'>haereticorum</span> <span class='ocrx_word' id='word_1_215' title='bbox 1203 1982 1445 2034; x_wconf 90' lang='lat' dir='ltr'>figmentis,</span> <span class='ocrx_word' id='word_1_216' title='bbox 1468 1983 1523 2022; x_wconf 91' lang='lat' dir='ltr'>ad</span> <span class='ocrx_word' id='word_1_217' title='bbox 1553 1982 1744 2022; x_wconf 89' lang='lat' dir='ltr'>solidam</span> 
     </span>
     <span class='ocr_line' id='line_1_27' title="bbox 105 2047 1744 2096; baseline -0.002 -5"><span class='ocrx_word' id='word_1_218' title='bbox 105 2051 260 2091; x_wconf 90' lang='lat' dir='ltr'>matris</span> <span class='ocrx_word' id='word_1_219' title='bbox 307 2053 485 2090; x_wconf 89' lang='lat' dir='ltr'>nostrae</span> <span class='ocrx_word' id='word_1_220' title='bbox 532 2050 778 2090; x_wconf 86' lang='lat' dir='ltr'>catholicae</span> <span class='ocrx_word' id='word_1_221' title='bbox 825 2049 1048 2089; x_wconf 83' lang='lat' dir='ltr'>Ecclesiae</span> <span class='ocrx_word' id='word_1_222' title='bbox 1092 2048 1110 2074; x_wconf 77' lang='lat' dir='ltr'>b</span> <span class='ocrx_word' id='word_1_223' title='bbox 1144 2048 1410 2096; x_wconf 82' lang='lat' dir='ltr'>doctrinam,</span> <span class='ocrx_word' id='word_1_224' title='bbox 1456 2047 1744 2088; x_wconf 87' lang='lat' dir='ltr'>contionibus</span> 
     </span>
     <span class='ocr_line' id='line_1_28' title="bbox 104 2112 1744 2167; baseline -0.003 -10"><span class='ocrx_word' id='word_1_225' title='bbox 104 2117 257 2166; x_wconf 90' lang='lat' dir='ltr'>huius,</span> <span class='ocrx_word' id='word_1_226' title='bbox 289 2116 421 2156; x_wconf 89' lang='lat' dir='ltr'>nobis</span> <span class='ocrx_word' id='word_1_227' title='bbox 450 2116 607 2167; x_wconf 74' lang='lat' dir='ltr'>insciJ’s</span> <span class='ocrx_word' id='word_1_228' title='bbox 637 2127 733 2155; x_wconf 87' lang='lat' dir='ltr'>esse</span> <span class='ocrx_word' id='word_1_229' title='bbox 763 2117 1020 2162; x_wconf 88' lang='lat' dir='ltr'>reuocat0s;</span> <span class='ocrx_word' id='word_1_230' title='bbox 1053 2127 1140 2166; x_wconf 86' lang='lat' dir='ltr'>qua</span> <span class='ocrx_word' id='word_1_231' title='bbox 1163 2115 1216 2154; x_wconf 91' lang='lat' dir='ltr'>de</span> <span class='ocrx_word' id='word_1_232' title='bbox 1236 2126 1283 2154; x_wconf 91' lang='lat' dir='ltr'>re</span> <span class='ocrx_word' id='word_1_233' title='bbox 1302 2113 1483 2165; x_wconf 85' lang='lat' dir='ltr'>ipsimet</span> <span class='ocrx_word' id='word_1_234' title='bbox 1503 2112 1744 2165; x_wconf 89' lang='lat' dir='ltr'>gloriaren-</span> 
     </span>
     <span class='ocr_line' id='line_1_29' title="bbox 105 2179 1745 2234; baseline -0.002 -11"><span class='ocrx_word' id='word_1_235' title='bbox 105 2185 191 2230; x_wconf 90' lang='lat' dir='ltr'>tur,</span> <span class='ocrx_word' id='word_1_236' title='bbox 223 2194 412 2234; x_wconf 89' lang='lat' dir='ltr'>quorum</span> <span class='ocrx_word' id='word_1_237' title='bbox 444 2182 621 2233; x_wconf 80' lang='lat' dir='ltr'>aliquos</span> <span class='ocrx_word' id='word_1_238' title='bbox 664 2181 913 2220; x_wconf 86' lang='lat' dir='ltr'>affirmabat</span> <span class='ocrx_word' id='word_1_239' title='bbox 956 2181 1073 2220; x_wconf 90' lang='lat' dir='ltr'>idem</span> <span class='ocrx_word' id='word_1_240' title='bbox 1116 2181 1271 2220; x_wconf 87' lang='lat' dir='ltr'>doctor</span> <span class='ocrx_word' id='word_1_241' title='bbox 1301 2180 1355 2230; x_wconf 87' lang='lat' dir='ltr'>(si</span> <span class='ocrx_word' id='word_1_242' title='bbox 1386 2181 1501 2220; x_wconf 88' lang='lat' dir='ltr'>recte</span> <span class='ocrx_word' id='word_1_243' title='bbox 1531 2179 1745 2219; x_wconf 89' lang='lat' dir='ltr'>memoria</span> 
     </span>
     <span class='ocr_line' id='line_1_30' title="bbox 104 2244 1744 2298; baseline -0.002 -10"><span class='ocrx_word' id='word_1_244' title='bbox 104 2250 248 2298; x_wconf 88' lang='lat' dir='ltr'>teneo)</span> <span class='ocrx_word' id='word_1_245' title='bbox 267 2248 353 2288; x_wconf 90' lang='lat' dir='ltr'>sibi</span> <span class='ocrx_word' id='word_1_246' title='bbox 375 2249 417 2287; x_wconf 92' lang='lat' dir='ltr'>et</span> <span class='ocrx_word' id='word_1_247' title='bbox 436 2249 567 2287; x_wconf 88' lang='lat' dir='ltr'>antea</span> <span class='ocrx_word' id='word_1_248' title='bbox 587 2249 629 2286; x_wconf 89' lang='lat' dir='ltr'>et</span> <span class='ocrx_word' id='word_1_249' title='bbox 649 2258 770 2286; x_wconf 89' lang='lat' dir='ltr'>nunc</span> <span class='ocrx_word' id='word_1_250' title='bbox 790 2246 924 2286; x_wconf 87' lang='lat' dir='ltr'>etiam</span> <span class='ocrx_word' id='word_1_251' title='bbox 945 2246 1159 2297; x_wconf 86' lang='lat' dir='ltr'>temporis</span> <span class='ocrx_word' id='word_1_252' title='bbox 1180 2257 1277 2286; x_wconf 89' lang='lat' dir='ltr'>esse</span> <span class='ocrx_word' id='word_1_253' title='bbox 1298 2245 1573 2285; x_wconf 88' lang='lat' dir='ltr'>notissimos.</span> <span class='ocrx_word' id='word_1_254' title='bbox 1599 2244 1744 2284; x_wconf 90' lang='lat' dir='ltr'>Adde-</span> 
     </span>
     <span class='ocr_line' id='line_1_31' title="bbox 105 2310 1744 2365; baseline -0.002 -12"><span class='ocrx_word' id='word_1_255' title='bbox 105 2314 181 2354; x_wconf 88' lang='lat' dir='ltr'>bat</span> <span class='ocrx_word' id='word_1_256' title='bbox 210 2314 286 2354; x_wconf 90' lang='lat' dir='ltr'>ille</span> <span class='ocrx_word' id='word_1_257' title='bbox 315 2324 492 2365; x_wconf 84' lang='lat' dir='ltr'>quoque</span> <span class='ocrx_word' id='word_1_258' title='bbox 521 2312 661 2352; x_wconf 89' lang='lat' dir='ltr'>animi</span> <span class='ocrx_word' id='word_1_259' title='bbox 691 2312 762 2352; x_wconf 89' lang='lat' dir='ltr'>sui</span> <span class='ocrx_word' id='word_1_260' title='bbox 792 2312 1083 2352; x_wconf 85' lang='lat' dir='ltr'>sententiam:</span> <span class='ocrx_word' id='word_1_261' title='bbox 1112 2313 1248 2351; x_wconf 89' lang='lat' dir='ltr'>totam</span> <span class='ocrx_word' id='word_1_262' title='bbox 1272 2311 1486 2351; x_wconf 87' lang='lat' dir='ltr'>nimirum</span> <span class='ocrx_word' id='word_1_263' title='bbox 1508 2310 1744 2362; x_wconf 84' lang='lat' dir='ltr'>Syllesiam</span> 
     </span>
     <span class='ocr_line' id='line_1_32' title="bbox 105 2376 1742 2430; baseline -0.002 -11"><span class='ocrx_word' id='word_1_264' title='bbox 105 2379 429 2419; x_wconf 88' lang='lat' dir='ltr'>haereticorum</span> <span class='ocrx_word' id='word_1_265' title='bbox 477 2378 690 2430; x_wconf 89' lang='lat' dir='ltr'>figmenta</span> <span class='ocrx_word' id='word_1_266' title='bbox 736 2378 926 2429; x_wconf 88' lang='lat' dir='ltr'>pedibus</span> <span class='ocrx_word' id='word_1_267' title='bbox 973 2377 1350 2425; x_wconf 86' lang='lat' dir='ltr'>conculcaturam,</span> <span class='ocrx_word' id='word_1_268' title='bbox 1396 2388 1447 2416; x_wconf 89' lang='lat' dir='ltr'>ac</span> <span class='ocrx_word' id='word_1_269' title='bbox 1489 2376 1545 2416; x_wconf 91' lang='lat' dir='ltr'>ad</span> <span class='ocrx_word' id='word_1_270' title='bbox 1587 2387 1742 2416; x_wconf 88' lang='lat' dir='ltr'>sanam</span> 
     </span>
     <span class='ocr_line' id='line_1_33' title="bbox 106 2439 1744 2494; baseline -0.002 -11"><span class='ocrx_word' id='word_1_271' title='bbox 106 2445 298 2483; x_wconf 83' lang='lat' dir='ltr'>mentem</span> <span class='ocrx_word' id='word_1_272' title='bbox 329 2443 587 2490; x_wconf 84' lang='lat' dir='ltr'>redituram,</span> <span class='ocrx_word' id='word_1_273' title='bbox 619 2442 657 2482; x_wconf 89' lang='lat' dir='ltr'>si</span> <span class='ocrx_word' id='word_1_274' title='bbox 689 2454 765 2494; x_wconf 91' lang='lat' dir='ltr'>per</span> <span class='ocrx_word' id='word_1_275' title='bbox 793 2454 963 2482; x_wconf 91' lang='lat' dir='ltr'>annum</span> <span class='ocrx_word' id='word_1_276' title='bbox 993 2442 1151 2481; x_wconf 87' lang='lat' dir='ltr'>saltem</span> <span class='ocrx_word' id='word_1_277' title='bbox 1177 2441 1232 2481; x_wconf 89' lang='lat' dir='ltr'>M.</span> <span class='ocrx_word' id='word_1_278' title='bbox 1257 2440 1521 2492; x_wconf 85' lang='lat' dir='ltr'>Gregorium</span> <span class='ocrx_word' id='word_1_279' title='bbox 1552 2439 1744 2480; x_wconf 89' lang='lat' dir='ltr'>Wradis-</span> 
     </span>
     <span class='ocr_line' id='line_1_34' title="bbox 104 2506 1745 2560; baseline -0.002 -11"><span class='ocrx_word' id='word_1_280' title='bbox 104 2509 252 2549; x_wconf 91' lang='lat' dir='ltr'>lauiae</span> <span class='ocrx_word' id='word_1_281' title='bbox 280 2508 531 2549; x_wconf 89' lang='lat' dir='ltr'>contionari</span> <span class='ocrx_word' id='word_1_282' title='bbox 562 2508 806 2559; x_wconf 88' lang='lat' dir='ltr'>contigeret</span> <span class='ocrx_word' id='word_1_283' title='bbox 837 2507 962 2560; x_wconf 71' lang='lat' dir='ltr'>[sies.</span> <span class='ocrx_word' id='word_1_284' title='bbox 986 2507 1134 2547; x_wconf 89' lang='lat' dir='ltr'>Huius</span> <span class='ocrx_word' id='word_1_285' title='bbox 1163 2507 1453 2547; x_wconf 90' lang='lat' dir='ltr'>contionibus</span> <span class='ocrx_word' id='word_1_286' title='bbox 1474 2509 1606 2558; x_wconf 88' lang='lat' dir='ltr'>atque</span> <span class='ocrx_word' id='word_1_287' title='bbox 1636 2506 1745 2545; x_wconf 89' lang='lat' dir='ltr'>allo-</span> 
     </span>
     <span class='ocr_line' id='line_1_35' title="bbox 106 2571 1741 2626; baseline -0.002 -11"><span class='ocrx_word' id='word_1_288' title='bbox 106 2575 212 2626; x_wconf 89' lang='lat' dir='ltr'>quio</span> <span class='ocrx_word' id='word_1_289' title='bbox 242 2575 435 2626; x_wconf 89' lang='lat' dir='ltr'>spiritali</span> <span class='ocrx_word' id='word_1_290' title='bbox 479 2576 728 2614; x_wconf 87' lang='lat' dir='ltr'>matronam</span> <span class='ocrx_word' id='word_1_291' title='bbox 771 2574 997 2626; x_wconf 89' lang='lat' dir='ltr'>quandam</span> <span class='ocrx_word' id='word_1_292' title='bbox 1041 2574 1293 2621; x_wconf 81' lang='lat' dir='ltr'>honestam,</span> <span class='ocrx_word' id='word_1_293' title='bbox 1326 2585 1440 2624; x_wconf 89' lang='lat' dir='ltr'>quae</span> <span class='ocrx_word' id='word_1_294' title='bbox 1483 2573 1539 2612; x_wconf 91' lang='lat' dir='ltr'>ab</span> <span class='ocrx_word' id='word_1_295' title='bbox 1582 2571 1741 2623; x_wconf 90' lang='lat' dir='ltr'>aliqui-</span> 
     </span>
     <span class='ocr_line' id='line_1_36' title="bbox 105 2638 1744 2691; baseline -0.002 -11"><span class='ocrx_word' id='word_1_296' title='bbox 105 2641 191 2681; x_wconf 91' lang='lat' dir='ltr'>bus</span> <span class='ocrx_word' id='word_1_297' title='bbox 220 2648 235 2667; x_wconf 76' lang='lat'><em>0</em></span> <span class='ocrx_word' id='word_1_298' title='bbox 268 2640 560 2691; x_wconf 88' lang='lat' dir='ltr'>energumina</span> <span class='ocrx_word' id='word_1_299' title='bbox 589 2639 864 2687; x_wconf 82' lang='lat' dir='ltr'>credebatur,</span> <span class='ocrx_word' id='word_1_300' title='bbox 894 2638 1163 2691; x_wconf 89' lang='lat' dir='ltr'>grauissima</span> <span class='ocrx_word' id='word_1_301' title='bbox 1184 2639 1393 2690; x_wconf 85' lang='lat' dir='ltr'>quadam,</span> <span class='ocrx_word' id='word_1_302' title='bbox 1425 2640 1471 2678; x_wconf 75' lang='lat' dir='ltr'>vt</span> <span class='ocrx_word' id='word_1_303' title='bbox 1501 2638 1744 2678; x_wconf 84' lang='lat' dir='ltr'>multorum</span> 
     </span>
     <span class='ocr_line' id='line_1_37' title="bbox 106 2702 1745 2757; baseline -0.002 -11"><span class='ocrx_word' id='word_1_304' title='bbox 106 2708 173 2747; x_wconf 88' lang='lat' dir='ltr'>est</span> <span class='ocrx_word' id='word_1_305' title='bbox 201 2705 437 2753; x_wconf 84' lang='lat' dir='ltr'>sententia,</span> <span class='ocrx_word' id='word_1_306' title='bbox 469 2705 713 2757; x_wconf 88' lang='lat' dir='ltr'>agitatione</span> <span class='ocrx_word' id='word_1_307' title='bbox 751 2705 1090 2753; x_wconf 83' lang='lat' dir='ltr'>melancholiae,</span> <span class='ocrx_word' id='word_1_308' title='bbox 1123 2704 1262 2745; x_wconf 79' lang='lat' dir='ltr'>fuisse</span> <span class='ocrx_word' id='word_1_309' title='bbox 1304 2704 1539 2744; x_wconf 88' lang='lat' dir='ltr'>liberatam</span> <span class='ocrx_word' id='word_1_310' title='bbox 1567 2702 1587 2729; x_wconf 74' lang='lat' dir='ltr'>d</span> <span class='ocrx_word' id='word_1_311' title='bbox 1620 2702 1745 2742; x_wconf 93' lang='lat' dir='ltr'>audi-</span> 
     </span>
     <span class='ocr_line' id='line_1_38' title="bbox 106 2783 271 2812; baseline 0.006 -1"><span class='ocrx_word' id='word_1_312' title='bbox 106 2783 271 2812; x_wconf 73' lang='lat' dir='ltr'>ulmus</span> 
     </span>
    </p>
   </div>
   <div class='ocr_carea' id='block_1_3' title="bbox 107 2916 1744 3014">
    <p class='ocr_par' dir='ltr' id='par_1_4' title="bbox 107 2916 1744 3014">
     <span class='ocr_line' id='line_1_39' title="bbox 169 2916 1744 2960; baseline -0.003 -8"><span class='ocrx_word' id='word_1_313' title='bbox 169 2928 188 2947; x_wconf 82' lang='lat' dir='ltr'>a</span> <span class='ocrx_word' id='word_1_314' title='bbox 207 2919 287 2952; x_wconf 80' lang='lat' dir='ltr'>Sic.</span> <span class='ocrx_word' id='word_1_315' title='bbox 314 2928 398 2959; x_wconf 63' lang='lat' dir='ltr'>ms„</span> <span class='ocrx_word' id='word_1_316' title='bbox 423 2918 585 2951; x_wconf 78' lang='lat' dir='ltr'>videtur</span> <span class='ocrx_word' id='word_1_317' title='bbox 601 2920 733 2951; x_wconf 74' lang='lat' dir='ltr'>tamen</span> <span class='ocrx_word' id='word_1_318' title='bbox 756 2918 1010 2951; x_wconf 78' lang='lat' dir='ltr'>dicendum...</span> <span class='ocrx_word' id='word_1_319' title='bbox 1036 2918 1076 2951; x_wconf 91' lang='lat' dir='ltr'>in</span> <span class='ocrx_word' id='word_1_320' title='bbox 1098 2918 1289 2960; x_wconf 87' lang='lat' dir='ltr'>primariis</span> <span class='ocrx_word' id='word_1_321' title='bbox 1312 2917 1483 2951; x_wconf 85' lang='lat' dir='ltr'>ciuitatis</span> <span class='ocrx_word' id='word_1_322' title='bbox 1506 2916 1686 2949; x_wconf 86' lang='lat' dir='ltr'>ecclesiis.</span> <span class='ocrx_word' id='word_1_323' title='bbox 1703 2934 1744 2939; x_wconf 83' lang='lat'>—</span> 
     </span>
     <span class='ocr_line' id='line_1_40' title="bbox 107 2971 1452 3014; baseline -0.002 -8"><span class='ocrx_word' id='word_1_324' title='bbox 107 2973 126 3000; x_wconf 91' lang='lat' dir='ltr'>b</span> <span class='ocrx_word' id='word_1_325' title='bbox 146 2972 229 3006; x_wconf 74' lang='lat' dir='ltr'>Del.</span> <span class='ocrx_word' id='word_1_326' title='bbox 254 2973 379 3006; x_wconf 87' lang='lat' dir='ltr'>contio</span> <span class='ocrx_word' id='word_1_327' title='bbox 401 2972 558 3014; x_wconf 77' lang='lat' dir='ltr'>imperf.</span> <span class='ocrx_word' id='word_1_328' title='bbox 583 2991 624 2995; x_wconf 88' lang='lat'><strong>—</strong></span> <span class='ocrx_word' id='word_1_329' title='bbox 647 2980 662 2999; x_wconf 81' lang='lat' dir='ltr'>c</span> <span class='ocrx_word' id='word_1_330' title='bbox 689 2971 815 3014; x_wconf 87' lang='lat' dir='ltr'>aligijs</span> <span class='ocrx_word' id='word_1_331' title='bbox 838 2971 887 3013; x_wconf 66' lang='lat'>(⁶3)</span> <span class='ocrx_word' id='word_1_332' title='bbox 913 2981 983 3005; x_wconf 80' lang='lat' dir='ltr'>ms.</span> <span class='ocrx_word' id='word_1_333' title='bbox 1009 2991 1048 2994; x_wconf 97' lang='lat'><strong>—</strong></span> <span class='ocrx_word' id='word_1_334' title='bbox 1068 2972 1088 2999; x_wconf 90' lang='lat' dir='ltr'>d</span> <span class='ocrx_word' id='word_1_335' title='bbox 1111 2972 1351 3004; x_wconf 86' lang='lat' dir='ltr'>liheraratam</span> <span class='ocrx_word' id='word_1_336' title='bbox 1380 2980 1452 3003; x_wconf 80' lang='lat' dir='ltr'>ms.</span> 
     </span>
    </p>
   </div>
   <div class='ocr_carea' id='block_1_4' title="bbox 108 3053 267 3057">
    <p class='ocr_par' dir='ltr' id='par_1_5' title="bbox 108 3053 267 3057">
     <span class='ocr_line' id='line_1_41' title="bbox 108 3053 267 3057; baseline 0 0"><span class='ocrx_word' id='word_1_337' title='bbox 108 3053 267 3057; x_wconf 95' lang='lat' dir='ltr'> </span> 
     </span>
    </p>
   </div>
   <div class='ocr_carea' id='block_1_5' title="bbox 275 3053 392 3056">
    <p class='ocr_par' dir='ltr' id='par_1_6' title="bbox 275 3053 392 3056">
     <span class='ocr_line' id='line_1_42' title="bbox 275 3053 392 3056; baseline 0 0"><span class='ocrx_word' id='word_1_338' title='bbox 275 3053 392 3056; x_wconf 95' lang='lat' dir='ltr'> </span> 
     </span>
    </p>
   </div>
   <div class='ocr_carea' id='block_1_6' title="bbox 171 3096 646 3140">
    <p class='ocr_par' dir='ltr' id='par_1_7' title="bbox 171 3096 646 3140">
     <span class='ocr_line' id='line_1_43' title="bbox 171 3096 646 3140; baseline -0.002 -9"><span class='ocrx_word' id='word_1_339' title='bbox 171 3100 182 3117; x_wconf 83' lang='lat'>²</span> <span class='ocrx_word' id='word_1_340' title='bbox 205 3097 406 3140; x_wconf 85' lang='lat' dir='ltr'>Gregorius</span> <span class='ocrx_word' id='word_1_341' title='bbox 429 3096 646 3130; x_wconf 79' lang='lat' dir='ltr'>Rosseffius.</span> 
     </span>
    </p>
   </div>
  </div>
 </body>
</html>
