2028 3531
533 274 614 311 605.
645 296 690 300 —
718 275 920 310 PANORMO
952 273 969 308 1
999 272 1192 309 IANUARII
1224 271 1313 307 1562
1626 271 1696 307 679

108 403 189 432 sua
219 392 540 443 approbatione
570 393 601 432 il
631 393 916 433 matrimonio
946 392 984 432 si
1029 392 1133 431 fece.
1166 390 1299 431 Molte
1341 390 1581 429 elemosine
1611 390 1743 430 furno

108 457 164 496 da
192 457 333 497 nostri
364 457 483 497 Patri
527 460 568 497 et
612 458 762 498 deuoti
807 458 996 498 raccolte
1016 465 1049 505 ³,
1081 458 1124 497 01
1153 468 1177 495 3
1208 455 1440 506 bisognosi
1471 454 1740 502 distribuite,

108 522 153 562 di
183 522 245 562 tal
274 523 488 570 maniera,
520 523 600 562 che
638 523 795 574 quanti
840 523 994 574 poueri
1024 524 1101 574 qui
1132 521 1169 561 si
1201 520 1480 567 ritruouonO,
1513 520 1555 559 al
1589 521 1743 560 nostro

107 587 295 639 collegio
325 599 401 639 per
429 588 588 639 cagion
618 588 687 627 del
719 589 924 639 bisogno,
956 599 1079 628 come
1123 587 1178 626 ad
1222 597 1312 626 uno
1357 585 1482 637 asylo
1517 587 1558 625 et
1588 597 1743 625 securo

107 653 241 703 luogo
288 664 576 693 concorrono.
611 653 663 692 Di
694 653 853 705 giorno
884 653 931 693 in
961 653 1119 704 giorno
1150 651 1227 703 piu
1262 651 1343 690 che
1378 650 1466 689 mai
1497 650 1528 689 il
1558 662 1744 690 numero

108 718 162 757 (10
190 718 339 758 (1011011
369 718 607 765 s’acresce,
640 719 694 758 ne
727 730 854 758 meno
876 718 992 758 forse
1014 718 1042 757 l'
1062 718 1302 768 augmento
1323 715 1577 767 spirituale;
1602 715 1634 754 il
1663 715 1745 755 che

106 783 163 822 da
191 784 268 834 qui
298 795 477 834 appare,
499 783 581 823 che
610 786 734 823 tanto
765 796 876 823 sono
899 782 1163 823 inflammati
1193 782 1264 821 del
1294 781 1387 820 zelo
1417 780 1436 806 1>
1457 780 1561 820 dell'
1577 781 1742 828 anime,

107 849 188 888 che
217 861 242 888 a
271 848 458 888 nissuna
488 848 628 900 fatiga
658 861 747 889 non
777 850 815 889 si
846 851 1180 896 sottomettono,
1204 847 1325 888 accio
1355 846 1538 898 possino
1569 846 1744 898 gl’altri

107 914 196 953 alla
225 914 504 954 confessione
525 916 568 953 et
598 914 775 965 predica
796 914 945 963 tirare,
969 917 1011 954 et
1041 926 1152 954 sono
1174 913 1321 965 pronti
1343 925 1369 952 a
1391 912 1610 963 perdonar
1639 912 1668 951 l'
1683 912 1746 951 of-

109 979 213 1023 fese.
245 979 452 1019 consolar
481 979 719 1031 gl'afflitti,
744 980 904 1020 uisitar
925 980 984 1031 gl’
1001 979 1177 1019 infermi
1199 981 1242 1019 et
1261 978 1463 1030 agiutare
1493 978 1507 1017 i
1538 977 1692 1029 poueri
1713 985 1742 1017 0.

187 1046 225 1086 4.
259 1045 320 1085 La
350 1045 695 1097 congregatione
725 1058 889 1086 ancora
918 1046 975 1086 da
1004 1046 1145 1085 nostri
1185 1045 1407 1092 instituta,
1440 1044 1486 1083 in
1517 1044 1676 1095 giorno
1706 1043 1744 1083 si

108 1114 362 1162 augmenta,
385 1123 476 1150 non
497 1113 620 1151 tanto
651 1111 698 1151 in
727 1124 928 1158 numero,
962 1113 1130 1163 quanto
1160 1111 1207 1150 in
1237 1110 1343 1150 boni
1373 1112 1415 1149 et
1445 1109 1507 1161 pii
1537 1108 1743 1149 costumi.

109 1176 147 1216 A
177 1176 191 1215 i
221 1176 367 1228 giorni
396 1176 566 1228 passati
597 1177 757 1216 alcune
801 1177 952 1217 nobile
995 1179 1195 1216 matrone
1226 1176 1317 1215 han
1348 1176 1456 1215 fatto
1486 1174 1742 1226 l'essercitij

108 1242 349 1293 spirituali,
381 1253 504 1282 come
533 1243 556 1282 e
586 1242 719 1282 solito
749 1243 865 1282 della
897 1242 1193 1294 Compagnia;
1226 1242 1371 1282 donde
1406 1253 1497 1281 non
1528 1240 1747 1280 mediocre

109 1307 257 1347 utilita
291 1307 444 1347 hanno
488 1308 701 1359 riportato
745 1308 1069 1360 frequentando
1113 1308 1153 1347 le
1196 1307 1419 1359 prediche,
1451 1306 1626 1347 lettioni
1656 1308 1698 1346 et
1732 1305 1746 1345 i

109 1373 375 1413 sacramenti
396 1373 513 1413 della
533 1373 814 1413 confessione
843 1376 883 1413 et
913 1373 1228 1414 communione
1249 1373 1367 1413 nella
1397 1374 1548 1412 nostra
1579 1371 1744 1411 chiesa.

108 1438 231 1478 Dieci
275 1439 490 1478 monache
533 1439 731 1478 anchora
773 1439 864 1478 han
910 1439 1095 1490 pigliato
1126 1439 1157 1478 li
1188 1438 1401 1478 medesmi
1440 1437 1673 1488 essercitij,
1706 1438 1748 1476 et

109 1504 437 1555 generalmente
475 1504 627 1543 hanno
671 1506 874 1556 scoperto
917 1504 960 1544 al
1004 1504 1258 1545 confessore
1302 1504 1316 1544 i
1359 1503 1458 1543 suoi
1490 1502 1673 1554 peccati,
1705 1503 1748 1542 01

109 1569 272 1620 meglio
314 1570 425 1609 hora
467 1570 548 1609 che
593 1570 734 1621 prima
778 1570 960 1610 uiuono.
994 1570 1048 1609 Di
1088 1570 1190 1621 quel
1237 1569 1521 1616 monasterio,
1554 1568 1586 1608 il
1616 1567 1748 1619 quale

109 1646 186 1685 per
214 1647 347 1685 opera
378 1637 530 1675 nostra
560 1635 605 1675 fu
638 1635 748 1675 fatto
778 1638 807 1683 1,
840 1648 957 1675 noue
987 1636 1162 1687 uergini
1193 1636 1284 1675 han
1314 1634 1424 1674 fatto
1453 1633 1745 1685 professione,

109 1701 153 1739 et
181 1700 267 1739 due
310 1700 349 1739 si
393 1712 503 1740 sono
547 1701 662 1740 nelle
706 1701 968 1752 probatione
1012 1703 1222 1741 accettate
1243 1700 1276 1741 d.
1310 1700 1443 1740 Molte
1473 1699 1584 1739 altre
1613 1710 1749 1738 ancor

109 1777 220 1805 sono
250 1765 331 1805 che
361 1778 386 1805 a
416 1766 647 1817 malgrado
676 1766 730 1806 de
761 1767 934 1818 parenti
965 1767 1012 1806 in
1042 1767 1192 1817 quello
1222 1778 1247 1806 a
1278 1766 1374 1806 Idio
1417 1766 1633 1805 bramano
1677 1764 1748 1804 de-

109 1830 288 1870 dicarsi.
320 1830 428 1871 Sino
458 1831 568 1871 hora
599 1844 689 1872 11011
720 1832 757 1871 si
788 1844 900 1872 sono
930 1832 1127 1872 riceuute
1157 1840 1173 1858 θ
1196 1844 1272 1883 per
1301 1831 1344 1871 la
1374 1832 1579 1871 stretteza
1609 1831 1651 1869 et
1672 1841 1748 1869 an—

109 1896 256 1948 gustie
285 1896 356 1936 del
400 1897 549 1948 luogo,
581 1899 623 1937 et
654 1898 758 1948 pero
801 1909 885 1937 con
928 1909 1142 1949 speranza
1172 1897 1209 1937 si
1240 1897 1506 1948 detengono,
1538 1895 1639 1935 sino
1668 1895 1749 1935 che

109 1961 148 2001 si
180 1973 325 2013 ponga
368 1962 455 2002 fine
498 1962 757 2002 all'edifitio
800 1963 880 2003 che
915 1963 987 2002 nel
1023 1962 1220 2013 predetto
1264 1961 1535 2002 monastiero
1569 1961 1592 2001 0
1626 1961 1748 2000 11100-

110 2026 338 2076 minciato,
371 2029 476 2079 qual
519 2028 662 2075 finito,
707 2029 900 2068 ducento
948 2029 1192 2080 cinquanta
1240 2027 1456 2067 monache
1498 2026 1750 2066 commoda-

111 2095 256 2132 mente
288 2093 332 2133 ui
366 2096 584 2144 potranno
613 2096 745 2134 stare.
780 2095 797 2133 I
829 2094 970 2134 nostri
1001 2094 1217 2134 sacerdoti
1241 2105 1323 2133 son
1353 2105 1507 2144 spesso
1536 2092 1749 2132 chiamati

110 2158 167 2198 da
195 2158 361 2199 diuersi
394 2159 651 2211 monasterij
684 2160 890 2200 accioche
920 2160 984 2200 iui
1021 2159 1281 2211 predichino
1324 2160 1366 2198 et
1404 2158 1540 2198 odino
1578 2157 1750 2197 confes-

110 2223 240 2264 sioni.
271 2223 369 2264 Non
400 2225 438 2264 si
469 2225 571 2276 puo,
603 2237 693 2265 non
727 2226 771 2265 di
803 2237 948 2273 meno,
981 2238 1005 2264 a
1038 2225 1140 2265 tutti
1184 2224 1416 2271 sodisfare,
1450 2235 1526 2275 per
1569 2222 1749 2262 caristia

110 2288 155 2328 di
185 2289 338 2340 quelli,
372 2289 385 2329 i
416 2290 538 2341 quali
570 2290 689 2330 nella
719 2291 871 2330 chiesa
902 2292 1054 2330 nostra
1083 2302 1195 2330 sono
1239 2289 1459 2340 occupati,
1491 2290 1534 2328 et
1563 2300 1646 2328 con
1676 2299 1748 2328 ue-

111 2354 195 2394 rita
225 2355 264 2394 si
294 2355 383 2406 puo
413 2355 508 2395 dire
536 2357 617 2396 che
647 2357 902 2396 abondante
932 2356 1000 2396 sia
1029 2357 1072 2396 la
1104 2368 1260 2406 messe,
1294 2368 1364 2395 ma
1398 2354 1677 2407 l'agricoltoi
1707 2356 1750 2394 et

110 2419 273 2471 oprarij
308 2421 444 2460 molto
475 2421 639 2472 puochi
669 2423 697 2462 ².

189 2485 228 2524 5.
260 2485 389 2525 Buon
418 2486 528 2526 odor
556 2487 609 2526 de
639 2487 780 2527 nostri
802 2499 1014 2539 appresso
1045 2487 1147 2527 tutti
1179 2487 1216 2526 si
1247 2486 1413 2538 spargi,
1437 2488 1480 2525 et
1508 2485 1748 2537 principal-

111 2552 257 2590 mente
286 2550 301 2590 i
330 2551 473 2591 nobili
504 2553 589 2592 ben
620 2552 665 2592 di
694 2553 770 2592 noi
801 2565 974 2604 sempre
1006 2553 1205 2604 parlano,
1238 2554 1280 2592 et
1309 2552 1347 2592 ci
1378 2563 1489 2591 sono
1520 2551 1657 2590 molto
1687 2551 1751 2590 af-

170 2748 189 2767 a
208 2741 361 2773 raccolti
385 2741 418 2773 A
442 2760 483 2764 —-
506 2741 524 2768 b
545 2742 622 2774 zelo
645 2742 690 2774 in
713 2751 841 2784 may-9.
866 2761 905 2766 —
930 2752 945 2770 c
966 2742 1091 2775 Prius
1127 2742 1297 2784 puoueri.
1323 2761 1363 2764 —
1385 2742 1403 2769 d
1427 2741 1602 2774 accettati
1626 2740 1672 2774 A.
1709 2759 1749 2764 —

113 2803 129 2821 e
150 2794 312 2827 riceuuti
335 2794 382 2827 A.

174 2969 184 2986 1
208 2967 475 3000 Monasterium
512 2967 579 3000 Sti.
619 2968 772 3000 Ioannis
809 2969 867 3001 del
904 2969 1086 3011 Roglione
1122 2970 1182 3011 (de
1216 2969 1424 3010 Ruchono).
1450 2968 1502 3001 Cf.
1528 2968 1746 3002 POLANCUM:

115 3020 256 3053 Chron.
281 3020 341 3061 IV,
367 3022 439 3054 209.

174 3077 186 3094 Β
209 3074 260 3108 Cf.
285 3075 443 3116 Mum,
469 3075 530 3116 IX,
554 3076 606 3109 37.
