2028 3531
491 278 611 314 lxnnx
640 291 924 325 PansoNAaUM,

112 394 345 435 Possevino,
385 394 603 439 Antonius.
647 398 683 434 S.
723 398 762 440 l.,
806 400 889 444 179;

156 453 401 489 Societatem
429 455 666 499 ingreditur,
696 459 730 501 4:
762 458 886 495 Roma

157 512 199 548 in
243 512 489 548 Sabaudiam
533 516 656 555 venit.
694 517 737 555 4:
780 519 885 564 apud

156 569 281 606 Emm.
336 570 602 608 philibertum
660 574 888 613 sabaudiae

155 629 295 665 ducem
325 631 457 677 gratia
487 633 622 677 pollet,
650 635 685 672 4:
724 639 888 672 strenue

158 700 229 735 pro
278 689 355 725 fide
394 690 595 727 catholica
639 693 808 733 laborat.
848 697 889 733 4:

156 749 371 785 valdenses
398 749 626 787 haereticos
650 754 756 789 circa
776 755 892 790 tidem

157 807 400 844 catholicam
429 809 608 851 instruit,
636 813 689 847 41.

111 868 344 909 Posonium,
369 868 450 904 509.

112 927 199 969 Pra,
226 926 435 974 Iosephus,
463 928 500 964 S.
523 928 563 971 I.,
589 931 737 977 script..
766 932 819 968 75.

115 986 372 1028 Praeconius,
411 986 673 1029 Octavianus,
715 991 889 1038 archiep.

157 1046 480 1092 panormitanus,
505 1047 586 1083 680.

112 1104 296 1140 Praemia
335 1105 513 1141 alumnis
555 1106 777 1144 distributa
815 1109 888 1145 Co-

157 1163 304 1203 loniae,
354 1164 550 1209 589-5903
597 1165 888 1207 Conimbricae,

155 1222 236 1264 440,
262 1222 354 1266 441:
382 1222 549 1265 Eborae‚
575 1225 655 1260 406.

113 1281 308 1328 Praesepe
336 1283 376 1317 in
404 1282 510 1318 festo
543 1283 701 1319 Natalis
728 1284 890 1321 Domini

157 1343 329 1377 ornatur
354 1340 648 1385 Conimbricae‚
675 1344 793 1381 *Ξῖ-28.

116 1399 255 1447 Praga.
282 1400 373 1437 coll.
399 1404 545 1444 status,
562 1403 683 1446 60-61,
701 1404 782 1445 397,
799 1405 889 1442 664:

156 1459 290 1495 fervor
339 1460 582 1508 disciplinae
632 1462 889 1505 domesticae,

156 1519 247 1562 ⁹296:
286 1524 419 1556 rector
455 1522 774 1558 constitutiones
817 1523 886 1559 So-

155 1579 318 1615 cietatis
345 1579 536 1623 declarat,
574 1581 665 1624 3973
705 1582 889 1619 visitatio

156 1638 228 1674 Sti.
274 1639 381 1675 Petri
427 1639 583 1676 Canisii
626 1644 754 1687 grata,
795 1642 887 1683 398:

155 1708 293 1744 preces
336 1701 377 1735 et
418 1699 677 1736 voluntariae
716 1702 890 1746 castiga-

156 1757 290 1793 tiones
329 1768 402 1804 pro
428 1759 603 1795 diversis
637 1761 890 1797 necessitati-

154 1816 244 1859 bus,
269 1817 362 1861 685;
390 1818 518 1865 aliqui
537 1819 638 1855 socii
658 1820 892 1866 spiritualia

156 1875 362 1913 Exercitia
413 1882 625 1925 peragunt,
667 1879 747 1920 397,
796 1880 888 1920 684:

153 1935 379 1982 collegium
406 1947 569 1979 novum,
594 1937 676 1980 296,
701 1938 782 1981 398,
803 1939 891 1975 687:

160 1994 378 2041 collegium
398 2007 634 2043 pauperum,
648 1998 705 2035 60.
719 1999 783 2041 61;
803 2009 895 2034 con-

155 2054 358 2090 victorum
400 2066 545 2098 mores,
585 2057 642 2099 61,
683 2057 776 2096 0297:
819 2059 888 2105 qui

157 2117 313 2150 vestem
341 2115 503 2161 qualem
542 2117 702 2164 collegii
743 2128 896 2164 germa-

157 2173 238 2209 nici
261 2174 421 2210 alumni
440 2175 483 2211 in
499 2175 607 2212 Urbe
626 2181 784 2223 gerunt.
803 2177 893 2221 29ss

156 2232 416 2270 alumnorum
445 2235 567 2277 zelus,
592 2235 774 2279 <296-02973
801 2248 895 2272 con-

154 2292 285 2328 victor
315 2293 476 2330 hussita
494 2294 539 2330 fit
567 2295 807 2338 catholicus,
825 2297 889 2340 6¹2:

156 2361 285 2388 novae
319 2352 497 2395 scholae,
535 2354 627 2399 3933
667 2355 892 2391 litterariae

155 2412 490 2455 exercitationes,
515 2413 690 2457 297298,
715 2414 892 2459 686-687;

154 2470 197 2506 in
227 2471 419 2507 sollemni
458 2473 687 2509 studiorum
726 2484 894 2510 renova-

157 2529 268 2566 tione
299 2532 510 2568 comoedia
535 2532 584 2568 de
623 2533 780 2569 Adamo
807 2544 896 2580 pro-

155 2589 347 2635 toplasto,
361 2591 541 2627 maxima
554 2595 765 2639 spectante
792 2593 894 2628 mul-

156 2648 347 2692 titudine,
390 2651 539 2697 agitur,
590 2651 678 2696 6863
720 2651 893 2688 benevo-

155 2707 284 2744 lentia
310 2710 541 2757 principum
577 2714 616 2747 et
654 2714 891 2758 magnatum

156 2777 252 2813 erga
301 2772 488 2805 nostrum
539 2770 768 2817 collegium,
809 2770 890 2813 300,

158 2825 228 2862 690
241 2840 249 2871 ;
268 2827 494 2875 imperator
509 2829 737 2866 Ferdinand
746 2841 791 2866 us
805 2829 895 2866 coll.

156 2885 358 2924 reditibus
383 2887 511 2932 iuvat,
542 2888 634 2933 510;
674 2889 893 2926 Ferdinan-

151 2943 233 2981 dus
258 2947 450 2994 princeps
474 2947 593 2991 fovet,
613 2948 704 2991 400;
731 2948 893 2995 collegii

153 3003 313 3041 alumni
340 3006 566 3054 principem
586 3007 756 3043 visitant.
775 3008 893 3054 eique

952 293 1090 321 RERUM
1120 297 1168 322 Ac
1196 298 1386 324 Locoamr
1626 290 1694 325 837

1012 405 1243 448 germanica
1269 405 1397 441 biblia
1427 407 1613 449 offerunt,
1651 407 1740 451 2973

1007 465 1174 499 senatus
1200 465 1324 500 sociis
1352 466 1470 507 favet,
1494 467 1560 504 66:
1587 466 1741 502 alumni

1010 521 1150 558 laudes
1189 524 1364 560 Senatus
1403 524 1620 563 celebrant.
1653 525 1742 567 ⁹297:

1012 580 1146 616 cultus
1202 582 1367 618 divinus
1418 584 1458 618 in
1510 587 1742 619 nostrorum

1012 641 1174 686 templo,
1199 641 1378 684 298-299;
1405 642 1513 678 dona
1531 643 1658 679 cultui
1686 643 1744 678 di-

1016 698 1123 741 vino,
1149 699 1241 741 687:
1268 702 1481 737 contiones
1509 702 1550 737 in
1570 702 1744 738 diversis

1016 757 1126 799 locis,
1153 762 1191 794 et
1219 770 1354 796 coram
1382 761 1635 807 imperatore,
1656 762 1743 801 688:

1013 817 1172 853 aulicus
1210 819 1374 864 quidam
1417 819 1631 856 Exercitiis
1664 821 1745 867 spi-

1013 876 1231 914 ritualibus
1258 889 1349 914 cum
1368 879 1500 915 fructu
1520 883 1649 921 vacat,
1664 880 1743 920 ⁶299:

1015 936 1156 972 modus
1187 938 1421 974 catechismi
1461 939 1630 975 docendi
1670 949 1742 975 au-

1011 994 1164 1031 ditores
1214 996 1265 1032 ad
1316 997 1509 1044 templum
1560 998 1744 1040 attrahit,

1008 1053 1189 1092 ‹587-688:
1218 1055 1374 1091 iudaeis
1393 1057 1580 1093 doctrina
1606 1057 1745 1093 catho-

1012 1112 1089 1147 lica
1135 1115 1365 1161 exponitur,
1403 1115 1491 1156 399:
1526 1116 1744 1163 eleemosy-

1013 1181 1088 1206 nae
1111 1182 1181 1216 pro
1201 1173 1448 1219 pauperibus
1470 1174 1744 1220 postulantur,

1006 1229 1095 1267 690:
1129 1241 1311 1267 carceres
1337 1235 1378 1268 et
1409 1233 1644 1269 nosocomia
1683 1233 1744 1268 in-

1017 1289 1216 1331 visuntur,
1241 1291 1299 1331 65,
1325 1291 1403 1334 300,
1431 1292 1522 1333 689;
1558 1292 1744 1328 homines

1012 1358 1102 1384 raro
1146 1349 1195 1384 ad
1243 1351 1393 1396 paenit.
1444 1354 1743 1387 sacramentum

1013 1408 1223 1451 accedunt,
1248 1409 1305 1450 63,
1341 1409 1422 1451 0298,
1448 1409 1617 1451 398-399,
1654 1410 1743 1456 68&

1015 1466 1141 1512 aliqui
1194 1468 1387 1504 haeretici
1438 1471 1745 1511 convertuntur,

1011 1525 1079 1565 63:
1109 1530 1147 1562 et
1177 1530 1418 1573 peccatores,
1443 1528 1535 1571 689;
1573 1528 1744 1564 dissidia

1013 1589 1324 1631 componuntur,
1350 1587 1407 1629 05,
1433 1587 1517 1630 300;
1545 1598 1638 1623 reus
1676 1598 1742 1623 ca-

1012 1644 1095 1690 pite
1124 1644 1361 1691 plectendus
1399 1646 1450 1682 ad
1477 1650 1645 1683 mortem
1681 1657 1745 1682 us-

1013 1715 1090 1749 que
1118 1705 1293 1747 iuvatur,
1327 1705 1418 1742 300:
1456 1705 1743 1752 pickardorum

1014 1763 1342 1809 episcopus,399;
1371 1765 1558 1811 archiep„
1584 1776 1620 1801 v.
1639 1765 1744 1801 Brus

1011 1822 1059 1857 de
1087 1822 1265 1869 Muglitz,
1303 1823 1532 1865 Antonius:
1575 1835 1745 1871 praepo-

1015 1882 1118 1917 situs
1149 1882 1243 1918 eccl.
1281 1883 1540 1926 cathedralis,
1578 1895 1613 1920 v.
1641 1883 1746 1920 Scri-

1017 1940 1187 1980 bonius:
1214 1941 1304 1977 coll.
1341 1944 1481 1984 rector,
1516 1953 1552 1979 v.
1582 1942 1744 1989 Blysse-

1017 2000 1134 2037 mius.
1164 2000 1382 2044 Henricus;
1410 2001 1612 2043 Hoffaeus,
1641 2001 1744 2038 Pau-

1011 2060 1084 2095 lus.

970 2118 1076 2161 Prat,
1103 2118 1329 2155 Gulielmus
1367 2119 1432 2161 du,
1459 2120 1580 2166 episc.
1618 2120 1745 2156 claro-

1016 2181 1247 2221 montanus,
1259 2178 1476 2215 Societatis
1490 2179 1626 2215 fautor
1636 2189 1746 2226 egre-

1015 2238 1117 2283 gius,
1143 2237 1224 2279 487,
1250 2238 1338 2282 517;
1369 2238 1433 2284 pie
1472 2238 1655 2281 moritur,
1682 2238 1744 2274 73-

1012 2297 1077 2339 T4;
1115 2297 1322 2343 sepelitur,
1361 2297 1424 2341 75;
1465 2297 1666 2333 sacrificia
1705 2300 1746 2334 et

1015 2366 1150 2402 preces
1194 2367 1265 2402 pro
1308 2359 1424 2392 tanto
1476 2356 1744 2400 benefactore,

1014 2415 1076 2452 75:
1103 2414 1260 2451 reditus
1285 2415 1335 2451 ad
1363 2416 1443 2451 tria
1468 2414 1641 2462 collegia
1675 2415 1746 2452 So-

1013 2474 1174 2510 cietatis
1196 2474 1405 2510 fundanda
1423 2477 1668 2510 testamento
1687 2485 1745 2511 re-

1015 2534 1148 2580 liquit,
1172 2534 1226 2575 1-2,
1246 2533 1376 2577 74·75;
1403 2534 1491 2569 eius
1518 2533 1745 2570 liberalitas

1014 2593 1211 2628 invidiam
1237 2593 1360 2628 sociis
1390 2595 1511 2634 creat,
1537 2592 1633 2629 ibid.

967 2652 1105 2688 Preste
1130 2652 1248 2695 Juan,
1273 2652 1353 2688 567.

966 2711 1121 2757 Priego,
1159 2711 1457 2747 marchionissa
1492 2711 1553 2753 de,
1583 2722 1619 2748 v.
1649 2711 1744 2747 Fer-

1011 2770 1165 2806 nandez
1192 2770 1241 2806 de
1268 2769 1464 2813 Cordoba,
1487 2769 1720 2807 Catharina.

970 2830 1298 2865 promontorium
1335 2829 1465 2865 viride
1491 2828 1615 2874 (Cabo
1650 2829 1746 2866 Ver-

1014 2889 1090 2933 de),
1117 2889 1204 2931 ins„
1231 2891 1405 2935 praetor,
1432 2888 1510 2924 101.

968 2947 1130 2984 Puellas
1169 2947 1371 2992 (Puelles),
1410 2947 1593 2989 Iacobus,
1631 2947 1668 2984 S.
1704 2947 1745 2990 Ι.,

1014 3007 1093 3046 423.
1121 3006 1199 3042 738.
