2028 3531
339 282 407 318 3602
811 283 1015 320 errssflAE
1041 285 1385 330 QnAnmmusi-nns

291 401 508 442 existimo.
553 402 716 442 Sumus
747 402 818 441 hic
860 402 1092 443 Societatis
1123 404 1221 454 plus
1251 403 1400 442 minus
1431 404 1497 451 402,
1528 416 1716 455 quorum
1747 417 1906 446 nouem

291 469 396 506 sunt
438 467 700 513 sacerdotes,
747 467 945 518 magistri
989 469 1150 508 artium
1196 469 1258 515 122,
1292 469 1564 508 baccalaurci
1608 481 1707 510 sex:
1747 472 1904 511 caeteri

293 543 393 571 vero
422 532 601 582 linguae
645 535 737 571 tum
768 532 946 580 latinae,
979 535 1071 573 tum
1102 534 1232 573 etiam
1273 545 1453 583 graecae
1483 534 1551 573 vel
1581 535 1713 574 rebus
1741 536 1907 576 domes-

291 596 390 636 ticis
431 608 556 636 suam
586 608 763 647 operam
794 596 1069 647 impendunt.
1111 598 1272 638 Omnes
1301 610 1475 637 summo
1517 598 1594 638 Dei
1628 599 1837 640 beneficio
1865 603 1905 640 et

288 672 469 711 corpore
497 663 539 700 et
568 661 718 700 animo
761 663 873 701 recte
904 662 1065 709 valent,
1099 665 1268 713 praeter
1306 663 1354 702 R.
1388 662 1502 702 Prm.
1536 663 1590 703 M.
1624 663 1905 704 Franciscum
1937 663 1944 671 '

290 725 588 771 Hemerolum,
620 725 712 776 qui,
743 729 997 776 antegressa
1040 727 1209 778 hyeme,
1241 729 1460 778 quartana
1502 727 1611 767 febri
1656 728 1903 777 laborauit3

287 803 416 842 quem
448 793 594 830 tamen
626 791 868 830 valetudini
912 792 1138 842 pristinae,
1170 792 1287 842 quod
1318 803 1416 831 aere
1446 792 1588 843 patrio
1627 793 1813 842 fruatur,
1846 806 1906 834 re-

288 855 492 895 stitutum
523 855 792 895 arbitramur
821 857 849 895 1.

366 920 405 960 2³2.
438 919 662 970 Superiori
693 920 1030 971 quadragesima
1063 921 1371 971 philosophiae
1404 933 1582 961 cursum
1611 923 1903 970 absoluimus,

287 997 338 1025 ex
368 997 456 1036 quo
485 987 687 1024 nostrum
717 986 996 1036 gymnasium
1018 987 1069 1025 225
1090 986 1248 1025 artium
1283 986 1517 1037 magistros
1548 987 1768 1038 produxit,
1792 988 1906 1028 inter

285 1062 398 1102 quos
427 1049 659 1090 Societatis
687 1052 811 1089 erant
840 1050 1086 1095 duodecim,
1118 1051 1417 1090 adolescentes
1460 1051 1636 1102 quidem
1667 1053 1905 1104 praeclaris

285 1115 465 1155 dotibus
506 1115 667 1166 ornatj,
698 1116 741 1153 et
768 1115 821 1154 ad
866 1115 1051 1154 salutem
1099 1115 1285 1165 proximi
1332 1116 1656 1166 propagandam
1702 1117 1810 1156 satis
1840 1117 1905 1157 in·

284 1180 468 1231 dustrij;
501 1180 604 1219 item
634 1179 792 1219 artium
825 1179 956 1219 etiam
1000 1180 1309 1219 baccalaureos
1350 1181 1415 1227 027,
1457 1180 1502 1220 in
1541 1181 1705 1231 quibus
1748 1193 1823 1222 sex
1851 1195 1904 1223 ex

285 1245 450 1285 nostris
480 1244 691 1284 fratribus
733 1246 858 1283 erant
887 1245 1028 1283 bonae
1059 1244 1223 1283 indolis
1252 1247 1293 1283 et
1332 1245 1514 1296 ingenij.
1548 1245 1604 1284 Hi
1637 1258 1765 1296 porro
1794 1247 1905 1287 tales

285 1310 330 1349 in
361 1309 576 1356 examine,
599 1310 731 1359 atque
753 1310 816 1358 (ut
838 1308 909 1348 hic
930 1309 1168 1358 loquimur)
1192 1309 1447 1356 tentamine,
1470 1321 1566 1349 sese
1590 1310 1901 1355 exhibuerunt,

284 1377 329 1413 vt
359 1385 462 1425 prae
491 1373 681 1413 aliorum
723 1373 1010 1424 collegiorum
1041 1373 1254 1412 studiosis
1294 1385 1500 1424 magnam
1540 1375 1712 1414 laudem
1744 1378 1786 1415 et
1815 1377 1903 1427 glo-

285 1438 411 1483 riam,
444 1438 576 1488 idque
619 1449 709 1476 non
738 1450 761 1476 a
793 1437 958 1476 nostris
989 1439 1133 1485 modo,
1166 1450 1316 1477 verum
1357 1438 1490 1477 etiam
1520 1440 1575 1478 ab
1605 1439 1707 1490 alijs
1740 1441 1903 1490 profes-

283 1503 474 1549 soribus,
506 1502 597 1542 sint
624 1502 865 1553 consecutj.
898 1502 1053 1542 Studia
1083 1515 1165 1541 sua
1195 1503 1255 1542 ita
1286 1506 1626 1554 persequuntur,
1659 1507 1703 1544 vt
1733 1517 1904 1557 semper

283 1568 372 1607 sint
393 1579 499 1607 suae
522 1567 766 1607 vocationis
787 1579 1013 1616 memores,
1036 1579 1086 1606 ac
1106 1568 1388 1618 perfectionis
1408 1570 1756 1620 consequendae.
1780 1571 1902 1611 Adeo

283 1633 343 1684 pij
375 1634 494 1679 sunt,
519 1632 720 1683 modestj,
743 1632 1044 1682 charitateque
1065 1632 1305 1683 coniunctj,
1330 1635 1375 1671 vt
1396 1633 1610 1673 mirentur
1630 1635 1827 1686 plerique
1856 1636 1902 1676 in

283 1697 523 1737 iuuenibus
553 1699 721 1736 tantam
751 1696 1000 1736 animorum
1031 1696 1401 1736 coniunctionem.
1449 1698 1498 1737 In
1528 1699 1779 1739 obedientia
1808 1712 1904 1740 exe-

282 1763 472 1814 quenda,
504 1765 543 1801 et
575 1762 765 1813 prompti
796 1764 901 1801 sunt
930 1764 971 1800 et
1000 1762 1181 1801 alacres.
1214 1762 1301 1801 Nec
1330 1762 1462 1801 etiam
1493 1765 1699 1803 verentur
1727 1767 1804 1804 aut
1832 1777 1903 1805 ex-

282 1828 558 1874 horrescunt,
581 1826 619 1866 si
649 1838 761 1877 quae
791 1826 946 1877 grauia
976 1826 1288 1877 imponantur:
1322 1827 1410 1866 imo
1439 1830 1594 1878 sponte
1623 1828 1900 1880 Superiorem

281 1893 460 1938 adeunt,
492 1892 547 1930 ab
576 1903 627 1931 eo
670 1891 965 1942 poenitentias
1008 1891 1258 1941 expetiturj,
1291 1892 1455 1942 quibus
1491 1893 1649 1943 partim
1680 1894 1900 1946 negligen-

281 1957 367 1996 tiae
396 1959 562 2003 notam,
593 1956 631 1995 si
660 1968 793 2007 quam
824 1956 1334 2004 incurrerint‚-deleant;
1376 1957 1535 2007 partim
1565 1958 1696 1997 etiam
1732 1959 1785 1998 ad
1818 1972 1901 1999 ma-

281 2022 373 2061 iora
403 2021 686 2060 contendant.
734 2021 784 2059 In
816 2020 1067 2071 regularum
1107 2021 1432 2068 obseruatione,
1464 2034 1577 2072 quae
1615 2023 1793 2073 saepius
1830 2036 1900 2064 ex-

280 2086 515 2136 plicantur,
547 2087 652 2124 sunt
690 2085 860 2124 saeduli
890 2086 932 2124 et
961 2085 1208 2135 diligentes.
1241 2085 1290 2124 In
1321 2085 1430 2125 festo
1460 2086 1674 2137 Deiparae
1703 2087 1900 2139 Virginis

280 2150 443 2190 Mariae
485 2150 631 2189 denuo
661 2152 760 2188 Vota
792 2149 957 2199 singuli
1002 2149 1291 2198 innouarunt,
1323 2162 1413 2189 non
1443 2151 1609 2202 absque
1640 2164 1798 2203 magno
1827 2165 1900 2193 cu-

280 2215 438 2265 iusque
467 2213 788 2254 consolationis
819 2213 1102 2253 incremento.

358 2280 396 2320 3.
427 2280 482 2319 Vt
512 2282 659 2318 autem
688 2279 741 2318 de
761 2278 1066 2323 concionibus,
1090 2291 1202 2330 quae
1231 2282 1388 2319 octauo
1418 2292 1593 2331 quoque
1622 2281 1692 2320 die
1721 2284 1762 2321 et
1790 2282 1899 2322 trae-

278 2344 488 2395 quentius
516 2343 706 2383 subinde
736 2343 781 2382 in
811 2355 985 2382 summo
1029 2344 1191 2393 templo
1220 2356 1243 2383 a
1274 2343 1371 2383 R.‘¹0
1402 2345 1449 2385 P.
1481 2345 1532 2384 D.
1565 2345 1756 2385 Henrico
1797 2346 1898 2386 Dio-

279 2409 408 2460 nysio
437 2409 564 2456 fiunt,
587 2408 757 2459 aliquid
788 2408 946 2454 dicam,
971 2410 1091 2447 tanta
1114 2411 1179 2447 est
1208 2408 1253 2447 in
1276 2409 1331 2460 iJs
1360 2409 1591 2449 hominum
1624 2410 1899 2461 fraequentia

278 2475 323 2512 vt
352 2473 552 2524 plerique
581 2484 669 2512 non
700 2473 935 2511 vereantur
963 2471 1179 2512 affirmare
1222 2473 1370 2523 plures
1400 2474 1625 2521 interesse,
1656 2487 1787 2525 quam
1817 2475 1898 2515 ho-

279 2538 448 2577 minum
491 2539 683 2588 quatuor
725 2536 862 2577 milia.
906 2536 1017 2575 Nam
1046 2548 1146 2576 cum
1190 2550 1279 2577 non
1322 2538 1604 2587 euangelium
1644 2539 1787 2588 modo,
1820 2540 1897 2579 sed

277 2602 409 2642 etiam
439 2601 757 2641 catechismum
789 2601 991 2651 explicet,
1024 2613 1177 2641 omnes
1199 2605 1449 2650 accurrunt,
1472 2605 1514 2642 et
1534 2603 1588 2642 ad
1610 2603 1733 2643 illius
1761 2604 1897 2655 expli-

277 2667 494 2706 cationem
525 2666 717 2717 quodam
747 2665 896 2705 studio
927 2666 1143 2713 feruntur,
1184 2679 1271 2717 qua
1301 2679 1391 2706 non
1421 2679 1576 2718 parum
1608 2668 1895 2708 imbecillium

276 2731 414 2770 animi
459 2731 662 2782 (quorum
707 2731 838 2781 longe
881 2730 1120 2770 maximum
1165 2743 1397 2771 numerum
1441 2732 1485 2771 in
1534 2732 1606 2771 his
1635 2732 1896 2773 Germaniae

338 2897 349 2914 ²
372 2895 408 2927 P.
434 2895 650 2927 Hemerolus
684 2894 931 2936 (Homerolus‚
966 2894 1169 2931 Emerulus‚
1206 2895 1460 2936 Dachverlies)
1494 2897 1598 2929 ortus
1635 2898 1714 2929 erat
1742 2897 1781 2929 in
1804 2897 1895 2930 urbe

276 2948 505 2980 Buscoducis
527 2947 795 2989 (Bois-le—Duc;
822 2947 852 2979 ’s
868 2947 1187 2988 Hertogenbosch)
1202 2959 1209 2988 ;
1227 2948 1287 2980 die
1309 2949 1349 2981 28
1371 2949 1458 2981 Iulii
1474 2949 1596 2982 adhuc
1618 2950 1658 2982 in
1674 2949 1796 2991 patria
1817 2958 1895 2982 ver-

276 3000 451 3040 sabatur;
477 3001 546 3033 sub
569 3000 678 3033 finem
701 3009 787 3032 vero
809 3000 948 3032 mensis
964 2998 1126 3041 Augusti
1149 3001 1222 3032 iam
1239 3000 1392 3034 Colonia
1414 3002 1642 3043 Moguntiam
1664 3003 1802 3034 missus
1824 3003 1894 3037 est.

277 3053 329 3087 Cf.
354 3054 516 3093 HANSEN,
542 3054 565 3086 l.
590 3063 634 3093 c.‚
658 3054 730 3093 395,
755 3054 882 3085 annot.
906 3053 947 3091 4;
971 3053 1043 3092 399,
1075 3055 1201 3086 annot.
1226 3054 1255 3087 2.
