2028 3531
558 266 637 301 478.
668 287 711 291 —
738 266 957 301 OLISIPONE
988 264 1030 298 16
1059 263 1248 299 IANUARH
1280 263 1364 298 lotii
1687 263 1734 297 95>

146 384 483 436 compositione.
505 384 670 423 nobilis
692 383 906 429 moribus,
927 382 1122 421 nobilior
1145 381 1235 421 uita
1258 383 1299 420 et
1323 380 1462 419 multo
1486 380 1527 418 in
1553 382 1691 419 morte
1709 392 1784 419 no-

148 450 281 489 bilior
306 462 352 489 se
383 449 479 500 ipso
512 449 793 488 nobilissimo
815 449 871 487 ab
895 448 975 486 hac
998 447 1089 486 uita
1112 446 1332 489 discessit,
1357 447 1399 484 et
1419 445 1487 495 cuj
1514 445 1668 484 nullus
1690 444 1783 495 [sie]

149 517 326 566 propter
345 515 576 565 aegregios
607 526 751 553 mores
782 513 1012 552 inuidebat
1044 512 1198 551 mundi
1231 513 1424 553 fortuna,
1451 510 1671 561 praeuidit
1691 510 1786 560 qui—

147 581 261 628 dem,
294 583 335 620 et
364 581 492 631 quasi
524 592 577 620 ex
606 579 785 631 specula
816 579 1131 618 aduentantem
1165 579 1366 618 mortem.
1405 576 1477 615 Dei
1510 576 1785 626 omnipoten-

147 646 205 685 tis
234 646 460 691 nuntium,
496 645 742 696 prospexit;
784 647 823 683 et
866 643 998 695 [cum]
1021 652 1037 669 ὓ
1071 644 1159 682 iani
1198 644 1313 682 esset
1357 642 1403 681 in
1449 641 1672 686 extremis,
1713 652 1785 690 ap-

148 711 579 762 propinquassetque
609 710 695 749 iam
720 709 736 735 ¹¹
768 710 879 749 illud
923 711 1113 758 tempus,
1151 708 1270 759 quod
1316 708 1408 758 ipse
1450 706 1524 757 Dej
1573 705 1786 745 beneficio

148 777 346 816 uouisset
380 776 616 827 (praedixit
645 788 836 826 namque
866 787 955 825 quo
985 775 1055 813 die
1085 776 1199 813 esset
1231 773 1508 819 moriturus).
1544 771 1699 822 petiuit
1740 773 1787 809 ut.

147 843 403 881 sanctorum
448 841 722 892 imaginibus
765 843 803 879 et
850 839 1015 879 Christi
1060 838 1159 889 Opt.
1204 839 1317 877 Max.
1355 837 1540 887 eiusque
1586 836 1787 887 Uirginis

148 907 314 954 Matris3
348 907 418 946 cui
449 909 541 945 erat
574 906 703 945 ualde
747 906 966 944 addictus.
999 905 1358 944 circundaretur:
1404 906 1447 941 ut
1493 902 1647 941 oculos
1692 901 1788 939 illo-

148 984 243 1011 rum
275 972 463 1023 depictis
492 972 767 1022 imaginibus
800 973 1009 1021 pasceret.
1042 982 1231 1021 quorum
1264 970 1382 1008 uitas
1412 971 1450 1007 et
1484 967 1683 1017 exempl-3
1724 978 1783 1005 es-

148 1040 213 1077 set
243 1038 458 1080 imitatus.
483 1038 588 1077 dun]
623 1038 787 1087 potuit:
821 1048 1101 1087 quorumque
1134 1036 1323 1077 labores.
1348 1035 1453 1073 dum
1487 1033 1644 1073 ualuit.
1673 1034 1788 1071 esset

147 1103 489 1154 contemplatus.
521 1105 627 1142 tunc
658 1103 801 1141 oculis
840 1102 1216 1152 contemplaretur
1260 1100 1503 1150 imagine&
1535 1099 1788 1149 quibusque

148 1169 195 1208 in
224 1169 346 1208 coelo
376 1169 656 1219 concupisset
689 1168 790 1207 frui.
815 1170 853 1207 et
886 1169 1079 1217 speraret
1112 1180 1158 1206 se
1190 1166 1445 1205 fruiturum.
1469 1164 1709 1204 eorundem
1743 1163 1785 1201 in

148 1237 278 1274 terra.
311 1234 416 1273 duni
448 1234 634 1275 uiueret.
668 1235 887 1272 frueretur
916 1235 1171 1282 conspectu.
1205 1243 1293 1283 quo
1327 1232 1487 1280 posset.

227 1302 265 1339 3.
300 1300 421 1339 Duos
464 1300 592 1338 alios.
628 1302 864 1349 utrumque
910 1298 1154 1337 nouiciuni.
1192 1298 1306 1336 Deus
1351 1296 1450 1347 Opt.
1485 1296 1582 1334 Max
1644 1294 1696 1333 ad
1743 1305 1788 1332 se

149 1377 309 1405 uocare
356 1365 569 1416 dignatus
598 1367 678 1405 est.
711 1365 897 1404 alterum
932 1364 1112 1403 nomine
1144 1363 1409 1402 At'onsecain
1442 1364 1470 1403 ¹.
1503 1361 1578 1411 qui
1611 1360 1711 1399 licet
1744 1359 1788 1397 in

149 1433 344 1482 tempore
376 1430 597 1471 nouicins.
632 1431 675 1469 in
710 1431 874 1469 uirtute
905 1430 1195 1469 exercitatus:
1229 1431 1269 1467 et
1300 1428 1399 1467 licet
1443 1430 1537 1477 tyro
1582 1427 1627 1465 in
1671 1436 1789 1464 exer-

149 1497 255 1537 citu.
289 1498 528 1536 ueteranus
571 1496 615 1535 in
662 1496 855 1535 serendis
900 1496 1035 1534 huius
1082 1495 1265 1533 militiae
1309 1494 1433 1539 telis;
1468 1493 1513 1531 in
1544 1492 1627 1531 hoc
1671 1490 1789 1529 enini

150 1562 355 1602 maxime.
392 1565 434 1601 nt
466 1562 573 1601 olim
618 1562 781 1601 Christi
830 1564 1060 1612 martyres.
1102 1572 1148 1599 se
1192 1560 1423 1599 exercebat
1467 1559 1537 1597 hic
1583 1557 1790 1596 nouicius

150 1628 292 1669 miles.
325 1631 362 1666 et
396 1628 440 1666 in
474 1628 555 1667 hac
599 1628 745 1667 solum
789 1627 1026 1666 tolerantia
1069 1626 1352 1665 existimabat
1397 1637 1443 1663 se
1487 1625 1539 1663 (le
1584 1622 1790 1662 hostibus

150 1693 383 1733 uictoriam
430 1695 772 1744 reportaturum.
822 1693 936 1732 Huic
979 1704 1077 1731 cuni
1124 1691 1400 1742 aposthenia.
1441 1692 1483 1729 ut
1530 1701 1701 1728 cancer.
1745 1688 1789 1726 in

150 1759 303 1799 dextro
335 1760 469 1798 latere
499 1759 767 1801 emersisset,
799 1760 1091 1809 apertumque
1122 1759 1234 1796 esset
1269 1757 1354 1795 iam
1392 1768 1522 1806 saepe
1564 1756 1693 1796 ferro,
1726 1753 1791 1792 in—

150 1826 480 1876 ualesceretque
511 1825 679 1864 malum
710 1825 755 1863 in
786 1824 897 1865 (lies.
931 1823 1189 1863 nunciatum
1223 1825 1288 1861 est
1319 1822 1561 1861 aduentare
1588 1821 1788 1859 inor-tem.

152 1893 323 1942 pararet
353 1903 414 1931 se.
450 1891 512 1930 nil
542 1891 756 1941 cogitaret
786 1890 996 1940 amplius,
1030 1901 1131 1939 spes
1175 1900 1331 1927 onines
1375 1888 1540 1927 locaret
1583 1886 1629 1925 in
1669 1885 1787 1924 Deo:

150 1958 404 2003 laetaretur,
437 1956 555 2007 quod
599 1958 715 1995 esset
758 1955 846 1995 cito
890 1967 989 1994 cum
1034 1954 1293 2002 angelorum
1327 1956 1452 1993 coetu
1499 1954 1691 1991 iuturus.
1728 1951 1790 1989 Ita

150 2024 216 2062 est
245 2022 435 2061 laetatus
467 2022 547 2061 hoc
578 2021 752 2064 nuntio,
786 2021 849 2060 sic
883 2020 1041 2060 reuixit
1071 2020 1125 2059 ad
1159 2020 1265 2059 haec
1299 2019 1447 2060 uerba.
1479 2020 1523 2057 ut
1554 2016 1792 2056 reuiuisce-

151 2091 230 2130 ret.
258 2088 329 2126 cui
352 2088 642 2127 nunciaretur
662 2087 951 2126 contrarium.
987 2087 1036 2125 ln
1057 2086 1269 2125 ‹rnnnibus
1291 2084 1386 2124 suis
1407 2083 1680 2123 cruciatibus
1711 2082 1791 2120 hoc

150 2153 309 2192 habuit
339 2152 504 2202 solatij.
538 2155 585 2192 ut
616 2153 739 2191 nulla
770 2152 962 2191 remedia
1007 2151 1314 2202 postulauerit,
1352 2149 1571 2189 auxilium
1616 2147 1791 2187 nullum

151 2218 446 2265 inuocauerit,
478 2221 651 2269 praeter
696 2218 882 2257 uulnera
914 2217 1079 2257 Christi
1114 2216 1337 2263 crucifixi;
1372 2216 1443 2255 his
1473 2214 1789 2254 delectabatur.

152 2285 259 2324 haec
283 2284 530 2327 uolutabat,
555 2284 626 2323 his
647 2284 889 2323 deliniebat
911 2283 1102 2325 dolores
1127 2283 1178 2322 ad
1212 2283 1320 2321 haec
1342 2281 1588 2321 orationem
1611 2291 1793 2319 conuer-

152 2351 286 2393 tebaL
312 2350 557 2400 implorans
587 2350 777 2400 gratiani
809 2352 855 2388 ut
886 2349 1063 2388 dolores
1095 2348 1312 2399 patienter
1338 2349 1483 2387 terret.
1507 2358 1620 2397 quos
1641 2346 1793 2395 singu-

152 2416 220 2456 los
241 2418 405 2455 mortes
428 2415 637 2455 uocabat:
661 2427 685 2453 a
708 2414 885 2454 Christo
910 2414 1128 2453 auxilium
1154 2414 1351 2464 petebat:
1377 2424 1483 2452 suos
1504 2424 1602 2451 cum
1626 2411 1788 2459 Christi

152 2481 384 2521 doloribus
413 2481 589 2520 dolores
619 2482 867 2528 conferens,
893 2479 1064 2518 minora
1096 2479 1313 2518 estimans
1342 2478 1563 2528 supplicia
1584 2488 1698 2528 quae
1722 2488 1793 2527 pa—

152 2549 332 2590 teretur,
355 2558 489 2597 quam
524 2558 638 2597 quae
670 2548 933 2591 mereretur;
968 2544 1075 2583 haec
1105 2556 1157 2583 eo
1188 2544 1315 2583 uultu
1353 2546 1393 2583 et
1429 2543 1567 2583 animi
1602 2542 1793 2581 submis-

153 2613 293 2659 sione,
325 2624 376 2651 eo
407 2612 553 2660 1110(10,
587 2614 635 2651 ut
665 2611 779 2650 1111111
810 2611 1037 2650 uideretur
1066 2610 1245 2650 sentire.
1278 2622 1377 2649 cum
1411 2622 1454 2648 re
1486 2621 1590 2649 uera
1620 2608 1789 2658 hominj

152 2677 300 2718 cuiuis
329 2677 697 2717 exercitatissimo
727 2676 904 2715 dolores
935 2677 1158 2726 pateretur
1191 2676 1481 2715 durissimos:
1517 2675 1794 2714 mirabantur

155 2743 328 2785 medici.
360 2743 601 2792 stupebant
629 2741 842 2792 chirurgi.
877 2743 1034 2779 fratres
1064 2741 1315 2790 exemplum
1355 2741 1440 2779 sibi
1488 2740 1794 2790 proponebant

154 2808 395 2859 patientiae
425 2807 716 2853 imitandum3
753 2806 1065 2857 praedicabant
1098 2806 1255 2845 medici
1286 2808 1325 2845 et
1358 2805 1556 2856 chirurgi
1594 2806 1700 2844 haec
1731 2806 1792 2844 t'o-

216 2928 235 2947 a
261 2919 428 2951 Iff'icletur
450 2919 520 2950 hoc
541 2928 572 2950 υ.
592 2919 645 2949 αι]
668 2927 828 2950 sensum
847 2916 1139 2957 perficiendum
1160 2917 1445 2949 necessrcriwtt.
1464 2936 1503 2939 —
1528 2917 1545 2943 l›
1567 2918 1640 2949 iani
1665 2927 1792 2958 snpra

154 2977 328 3002 versum.

218 3075 229 3092 ¹
253 3073 396 3114 Gaspar
418 3073 462 3104 de
486 3072 680 3103 Afonseca.
706 3069 814 3110 (lbid.
840 3069 863 3101 f.
889 3068 957 3099 27v
973 3066 996 3106 ).
