2028 3531
569 251 651 288 518.
678 271 722 277 --
750 251 993 288 VlNDOBONA
1023 252 1039 287 1
1069 251 1168 287 MA11
1195 252 1279 288 1561
1623 254 1693 290 279

105 369 189 410 viri
236 369 517 410 decorarunt.
570 369 909 410 Illustrissimus
954 370 1072 410 enim
1103 378 1121 396 a
1156 370 1399 410 cardinalis
1433 371 1615 419 Hosius,
1661 372 1737 424 qui

103 446 156 474 eo
185 433 204 461 ¹>
239 436 435 485 tempore
478 434 607 476 Pont.
657 435 772 475 Max.
803 434 859 474 ad
902 434 1134 475 Caesarem
1180 435 1355 487 legatus
1392 437 1487 476 erat
1524 436 1737 484 Viennae,

103 499 301 539 solemne
330 499 377 539 in
406 501 560 540 nostra
588 500 696 540 aede
723 499 887 539 missae
916 499 1182 540 sacrificium
1213 500 1470 549 celebrauit,
1493 503 1617 541 tanto
1637 513 1738 541 cum

102 566 335 616 apparatu,
366 566 536 616 quanto
564 576 795 616 nunquam
827 564 874 604 in
902 565 987 605 hoc
1016 565 1181 617 templo
1210 569 1313 606 ante
1342 578 1412 606 res
1441 566 1597 606 diuina
1628 567 1738 606 sorte

101 631 278 680 peracta
295 631 378 669 est.
396 629 561 669 Aderat
580 631 623 669 et
644 629 834 669 Reue.dis
852 630 903 671 D.
921 630 1172 681 Delphinus
1192 630 1390 671 eiusdem
1412 643 1590 683 quoque
1607 632 1735 672 Pont.

99 693 296 745 legatus3
321 696 416 734 tum
439 693 570 735 Redis
591 694 967 746 Archiepiscopus
987 695 1301 747 strigoniensis
1322 698 1350 744 ¹,
1370 698 1595 747 praeterea
1617 697 1738 736 vien-

100 759 255 799 nensis
283 760 298 783 2
328 761 371 799 et
400 759 712 800 matrusiensis
741 761 755 783 ³
789 759 1002 811 episcopi,
1048 772 1222 801 necnon
1265 761 1477 801 dominus
1520 762 1737 802 Martinus

101 822 352 872 Cromerus,
387 825 503 876 regis
532 825 746 865 Poloniae
774 827 938 873 orator,
970 825 1137 877 aliique
1175 827 1385 867 nonnulli
1415 827 1584 878 primae
1613 827 1739 867 nobi-

100 888 241 928 litatis
284 889 389 937 viri;
435 889 512 941 qui
555 901 710 930 omnes
739 890 859 941 apud
901 902 999 939 nos,
1036 891 1221 931 Rectore
1264 894 1417 932 nostro
1447 895 1462 916 4
1501 892 1593 932 illis
1635 904 1737 932 cum

100 953 296 994 maxima
324 954 526 995 omnium
555 955 835 995 edificatione
855 955 1141 1003 inseruiente,
1165 957 1317 997 eodem
1343 957 1415 997 die
1435 957 1587 1008 pransi
1617 959 1736 999 sunt.

100 1019 183 1059 His
212 1020 404 1060 multum
426 1020 670 1072 voluptatis
703 1021 950 1061 attulerunt
970 1021 1292 1073 epigrammata
1321 1035 1478 1074 graeca
1507 1025 1550 1063 et
1579 1023 1734 1071 latina,

99 1084 192 1136 tonj
216 1085 458 1134 haebraioi,
481 1087 614 1138 atque
643 1087 786 1126 oratio
806 1086 860 1126 de
897 1087 1094 1127 nominis
1115 1088 1215 1127 Iesu
1237 1088 1449 1128 laudibus
1478 1100 1501 1128 a
1534 1088 1701 1128 nostris
1722 1096 1737 1115 0

99 1161 122 1189 e
151 1153 366 1202 suggestu
387 1151 696 1202 pronunciata.
719 1152 963 1192 Prandium
984 1153 1253 1195 clementiss.
1271 1153 1553 1204 imperatoris
1568 1154 1735 1194 nostri⁵

98 1214 273 1255 decreto
303 1218 346 1256 et
374 1216 590 1268 impensis
618 1219 882 1268 apparatum
912 1218 1010 1258 fuit.
1043 1218 1242 1258 Sublatis
1271 1219 1361 1259 iam
1390 1219 1573 1269 mensis,
1605 1231 1737 1270 quae-

99 1280 212 1321 ritur
240 1292 264 1321 e
295 1281 519 1333 primarijs
562 1282 654 1322 illis
698 1282 822 1331 viriS,
854 1295 968 1334 quos
1010 1283 1118 1331 dixi,
1151 1296 1256 1324 num
1299 1284 1497 1324 relaxare
1526 1284 1737 1324 nonnihil

97 1345 288 1395 animos,
333 1347 500 1387 chartis
553 1348 713 1399 partim
756 1348 902 1399 pictis,
948 1349 1104 1400 partim
1151 1349 1267 1389 albis
1316 1349 1469 1391 velint.
1516 1350 1737 1390 Astabant

98 1411 229 1451 multi
271 1423 325 1451 ex
367 1412 547 1453 illorum
592 1413 831 1464 primatum
879 1414 1050 1454 familia
1092 1414 1276 1454 arrectis
1318 1414 1505 1454 auribus
1543 1415 1733 1463 nobiles,

98 1488 349 1528 magnoque
380 1477 560 1518 videndi
590 1479 739 1519 lusum
770 1479 909 1518 istum
939 1479 1161 1520 desiderio
1191 1481 1471 1520 tenebantur.
1525 1480 1738 1520 Adfertur

97 1541 277 1582 tandem
306 1542 458 1591 lusus,
491 1546 594 1592 tres,
627 1544 826 1596 inquam,
859 1544 1123 1585 adferuntur
1152 1547 1365 1585 stanneae
1394 1545 1609 1585 honestae
1639 1557 1735 1585 scu-

97 1606 228 1647 tellae
257 1609 300 1647 et
328 1619 488 1656 nouae,
521 1609 564 1648 in
598 1621 787 1661 quarum
816 1621 905 1649 vna
947 1622 1116 1658 eorum,
1148 1610 1225 1662 qui
1270 1610 1446 1650 fuerant
1488 1623 1539 1650 eo
1569 1610 1640 1650 die
1670 1611 1735 1650 in-

97 1671 243 1720 uitati,
276 1672 323 1712 in
352 1673 491 1713 altera
521 1677 777 1714 sanctorum
807 1675 1090 1726 quorundam
1130 1675 1315 1715 nomina
1350 1676 1654 1724 habebantur;
1687 1675 1735 1715 in

96 1737 226 1777 tertia
273 1738 452 1778 demum
495 1740 689 1788 chartae,
741 1740 901 1791 partim
958 1741 1101 1789 albae,
1152 1741 1311 1792 partim
1362 1741 1520 1792 pictae,
1566 1741 1611 1781 id
1668 1743 1735 1781 est

96 1802 302 1854 scriptae,
347 1803 395 1843 in
437 1804 603 1856 quibus
647 1805 719 1856 pia
762 1817 895 1856 opera
924 1818 1039 1857 quae
1081 1806 1272 1858 quisque
1315 1807 1363 1846 in
1404 1806 1734 1846 venerationem

96 1867 222 1908 illius
265 1869 424 1917 sancti,
460 1882 592 1921 quem
635 1873 753 1910 sorte
796 1871 955 1911 fuisset
997 1873 1039 1911 et
1085 1871 1229 1923 gratia
1258 1874 1578 1923 consequutus,
1610 1872 1734 1912 obire

96 1933 298 1983 debebat,
330 1934 689 1976 continebantur.
723 1937 959 1976 Ponuntur
1000 1937 1120 1989 leges
1154 1937 1282 1977 lusus
1315 1937 1390 1988 pio
1419 1937 1581 1977 affectu
1609 1949 1734 1977 exco-

96 1998 276 2050 gitatae,
309 2001 475 2051 quibus
519 2002 706 2041 recreari
737 2001 821 2041 viri
852 2002 919 2042 illi
963 2003 1075 2042 tanti
1127 2003 1313 2042 honeste
1347 2005 1575 2054 poterant,
1621 2014 1734 2054 quas

96 2063 220 2116 leges
251 2066 519 2116 promittunt
547 2078 702 2107 omnes
732 2079 778 2107 se
807 2067 1139 2108 obseruaturos.
1173 2068 1257 2108 Vbi
1288 2080 1392 2108 vero
1427 2068 1595 2120 singuli
1626 2068 1735 2120 quid

95 2131 319 2181 agendum
350 2132 436 2172 sibi
466 2134 582 2172 esset
610 2144 663 2172 ex
692 2133 859 2172 chartis
904 2132 996 2173 illis
1034 2133 1165 2184 pictis
1196 2133 1538 2182 intellexissent,
1570 2133 1632 2173 ita
1662 2133 1733 2184 pie

96 2195 237 2247 (dictu
267 2208 374 2237 sane
418 2197 595 2249 mirum)
627 2198 809 2238 fuerunt
850 2198 1012 2247 affecti,
1047 2201 1089 2238 vt
1119 2201 1289 2250 quanto
1317 2199 1508 2251 quisque
1538 2199 1607 2239 vel
1641 2211 1731 2238 cre-

95 2260 266 2301 briores
294 2262 588 2303 eleemosinas
617 2263 890 2315 pauperibus
910 2275 1106 2315 erogare,
1140 2264 1209 2304 vel
1238 2264 1469 2315 grauiores
1498 2264 1734 2303 mortifica-

95 2325 240 2366 tiones
270 2339 484 2376 exercere,
519 2328 586 2368 vel
616 2328 864 2380 asperiores
902 2329 1201 2380 poenitentias
1230 2329 1382 2369 subire
1411 2328 1430 2355 d
1462 2331 1731 2376 moneretur,

95 2392 220 2432 tanto
249 2393 444 2444 amplius
474 2393 520 2433 in
550 2393 662 2435 Dno.
693 2394 885 2446 gaudere
916 2394 1159 2443 videretur;
1206 2395 1321 2435 vnde
1365 2395 1530 2435 factum
1574 2397 1655 2443 est,
1687 2396 1733 2434 vt

148 2576 167 2596 a
199 2569 299 2601 enim
322 2578 450 2611 supra
482 2579 584 2603 vers.
610 2590 649 2593 —
673 2571 692 2598 b
723 2580 766 2604 eo
789 2581 916 2613 supra
950 2581 1065 2608 vers„
1091 2572 1212 2605 deleto
1246 2581 1311 2614 pro
1338 2572 1399 2613 (οδ).
1434 2591 1472 2595 -
1508 2580 1522 2598 c
1556 2572 1639 2605 Del.
1674 2572 1730 2605 de.

94 2640 134 2645 —
157 2623 176 2650 d
208 2623 335 2656 subire
357 2634 485 2666 supra
507 2634 610 2658 vers.

157 2785 168 2803 ¹
190 2784 367 2818 Nicolaus
390 2785 544 2818 Olahus.

156 2839 169 2857 ²
191 2837 380 2871 Antonius
402 2839 499 2871 Brus
521 2839 566 2871 de
589 2839 754 2881 Muglitz.

156 2893 169 2911 ³
193 2891 397 2934 Dionysius
420 2892 551 2934 Pioppi
575 2892 615 2925 Ο.
642 2892 679 2926 Ρ.
704 2893 845 2926 electus
868 2894 926 2926 est
947 2893 1008 2926 die
1032 2894 1070 2926 17
1093 2893 1180 2926 Iulii
1205 2895 1287 2926 1560
1307 2894 1505 2935 episcopus
1531 2893 1636 2926 urbis
1660 2893 1732 2926 Mo·

93 2945 217 2985 druss,
243 2946 284 2978 in
307 2945 469 2979 Croatia.
494 2946 546 2979 Cf.
572 2946 710 2979 EUBEL:
735 2946 1022 2981 Hier-archia...
1047 2947 1110 2988 III,
1135 2948 1207 2981 264.

157 3000 169 3018 ⁴
190 2999 229 3032 P.
253 2999 413 3032 Ioannes
435 3000 481 3032 de
503 2999 682 3033 Victoria.

157 3054 170 3072 ⁸
192 3052 463 3086 Ferdinandus.
