2028 3531
333 289 403 326 522
804 289 1008 327 Lirrmur:
1043 290 1386 334 Qnmmmsssrnns

289 408 523 458 nibusque,
554 409 673 447 omni
718 409 977 459 opinionum
1026 407 1241 457 prauitate
1289 407 1620 456 perpurgarent,
1651 416 1701 444 ea
1748 416 1825 455 spe
1856 406 1902 443 vt

288 473 416 511 nobis
459 473 699 524 aliquando
741 473 973 523 collegium
1006 472 1158 520 orig-at.
1210 471 1284 509 llle
1314 471 1458 508 autem
1505 471 1568 508 est
1599 481 1624 508 a
1653 468 1832 508 secretis
1860 470 1902 508 et

285 538 485 576 consiliis
508 538 621 588 regis
644 538 927 577 nauarrensis
958 540 985 581 ¹,
1012 537 1122 575 vnde
1152 534 1418 575 coniecturis
1443 545 1715 584 auguramur
1734 535 1900 585 quanto

287 602 416 641 nobis
458 614 587 652 opere
618 603 740 641 illius
771 602 1079 641 beneuolentia
1110 603 1146 639 et
1183 598 1473 650 patrocinium
1522 598 1778 638 adiumento
1807 609 1901 637 esse

285 669 430 718 queat.
468 668 513 706 ln
544 680 594 706 eo
623 668 728 718 quid
762 669 873 706 sacto
903 667 957 705 sit
989 678 1115 717 opus.
1145 668 1243 704 tuae
1278 665 1360 712 R.⁰‚
1404 666 1446 703 vt
1477 676 1554 714 par
1582 665 1661 712 est,
1695 663 1903 714 relinqui-

288 743 385 771 mus
416 732 716 771 iudicandum.

363 797 402 836 3.
438 797 482 835 P.
517 799 657 836 rector
684 798 698 820 ‘-’
730 809 827 835 cum
860 799 968 835 esset
1018 794 1346 834 caniffllaribus
1389 793 1546 832 diebus
1579 793 1769 832 vicissim
1801 792 1903 831 data

286 861 339 899 ad
372 862 503 900 breue
533 863 706 911 tempus
734 861 984 900 scholarum
1021 859 1304 905 intermissio,
1338 858 1502 897 nostris
1535 857 1753 897 concessit
1783 868 1904 908 prae-

286 925 538 975 ceptortbus
582 924 754 964 votiuas
798 925 1056 973 legationes,
1091 924 1132 962 in
1165 923 1329 973 quibus
1363 921 1582 961 obeundis
1610 923 1714 961 sunt
1744 932 1904 971 magna

286 1000 386 1028 cum
415 989 717 1040 expectatione
746 992 787 1028 et
818 990 960 1028 fructu
1005 987 1269 1028 concionati.
1302 986 1488 1037 Saepius
1522 997 1624 1025 vero
1653 986 1828 1036 aliquos
1857 985 1903 1024 in

287 1053 432 1093 vicina
461 1054 622 1104 oppida
653 1054 810 1093 diebus
832 1054 954 1093 testis
975 1053 1284 1092 concionatum
1306 1052 1538 1097 amandat3
1571 1062 1621 1090 ac
1650 1050 1787 1090 nostri
1810 1050 1905 1101 qui-

286 1118 383 1157 dem
417 1119 568 1158 multis
598 1119 643 1158 in
674 1119 783 1158 locis
812 1121 1091 1169 expetuntur,
1127 1118 1327 1156 lubenter
1354 1128 1430 1156 eos
1462 1116 1665 1162 audiunt,
1699 1115 1903 1155 multum-

287 1195 372 1233 que
402 1183 492 1222 illis
521 1184 738 1229 deferunt,
773 1184 1001 1234 plurisque
1032 1183 1200 1221 faciunt
1229 1193 1361 1232 quam
1391 1183 1586 1220 caeteros
1619 1191 1772 1219 omnes
1801 1180 1903 1218 alte-

288 1248 380 1287 rius
409 1255 427 1274 ἢ
461 1248 635 1299 generis
655 1248 1004 1291 concionatores,
1031 1250 1072 1286 vt
1095 1247 1186 1286 illis
1207 1246 1500 1286 concionandi
1523 1246 1666 1285 locum
1689 1244 1902 1289 adimant,

288 1313 452 1351 nostris
483 1315 527 1351 vt
555 1314 798 1359 conferant,
831 1324 1100 1362 quamquam
1147 1323 1226 1350 nec
1267 1311 1424 1350 cedant
1469 1310 1535 1349 illi
1578 1309 1749 1349 inuitus
1781 1307 1901 1360 [sies.

287 1376 629 1417 Commendatur
658 1378 703 1416 in
733 1390 783 1416 eo
812 1377 1044 1417 Societatis
1072 1389 1204 1416 causa
1228 1376 1359 1422 Deus
1391 1375 1509 1426 quod
1531 1375 1617 1414 iam
1640 1373 1907 1413 increbuerit

287 1453 431 1480 sermo
474 1442 712 1481 Tholosam
759 1454 894 1492 vsque
937 1444 1068 1492 atque
1111 1441 1346 1487 Lutetiam,
1388 1440 1651 1479 Aruerniam
1697 1438 1905 1478 monstris

287 1518 448 1553 carere,
480 1507 536 1545 iis
566 1507 791 1557 presertim
824 1507 868 1545 in
902 1507 1114 1557 partibus,
1148 1506 1193 1544 in
1223 1506 1388 1556 quibus
1418 1504 1557 1544 nostri
1592 1505 1773 1555 degunt,
1804 1515 1906 1542 con-

287 1571 523 1610 cionantur
565 1573 642 1611 aut
684 1571 1047 1611 consuetudinem
1095 1571 1259 1610 habent
1301 1570 1512 1621 aliquam.
1554 1569 1605 1608 Et
1636 1581 1738 1608 vero
1776 1569 1906 1607 datur

287 1648 434 1686 opera,
460 1639 504 1675 vt
536 1636 754 1686 pellantur
782 1649 834 1675 ex
867 1636 1077 1687 proximis
1099 1636 1228 1675 nobis
1251 1636 1433 1675 vrbibus
1454 1634 1649 1674 heretici.
1674 1634 1784 1673 Nam
1805 1645 1902 1672 cum

288 1701 494 1741 viderunt
523 1701 590 1740 illi
620 1714 701 1740 nos
734 1703 980 1741 moecenate
1002 1702 1193 1749 orbatos
1221 1700 1556 1751 praesentiaque
1593 1700 1647 1739 M.
1673 1697 1852 1738 Roberti
1874 1699 1903 1745 ³,

287 1769 524 1816 coeperunt
554 1766 669 1805 elato
698 1767 847 1805 animo
891 1766 1119 1817 insurgere
1150 1766 1193 1804 in
1225 1778 1321 1808 nos,
1353 1764 1631 1811 calumniari,
1664 1763 1906 1803 nonnullos

290 1833 551 1881 peruertere,
575 1831 784 1881 populum
817 1833 970 1869 contra
991 1842 1072 1869 nos
1093 1831 1280 1875 irritare,
1322 1829 1478 1869 Maroti
1510 1829 1704 1880 psalmos
1724 1830 1739 1852 4
1760 1827 1903 1879 palam

288 1906 458 1941 canere,
491 1898 622 1935 noctu
654 1895 822 1946 lapides
853 1896 896 1934 in
929 1896 1142 1934 fenestras
1177 1897 1352 1934 nostras
1385 1895 1571 1941 mittere,
1603 1893 1757 1933 laetari
1787 1892 1907 1943 quod

288 1962 515 2010 sperarent
544 1972 626 1999 nos
654 1973 826 1999 omnem
851 1960 1054 1999 amisisse
1075 1961 1403 2000 authoritatem.
1432 1960 1550 1999 Haec
1578 1971 1678 1999 cum
1708 1958 1908 1997 viderent

289 2025 428 2064 nostri
461 2025 625 2074 Patres,
657 2026 921 2064 sententiam
952 2025 1005 2064 de
1035 2025 1240 2064 hereticis
1265 2025 1309 2064 in
1343 2025 1518 2064 vincula
1539 2023 1843 2070 coniiciendis,
1865 2024 1908 2062 et

290 2090 345 2128 iis
374 2090 583 2129 omnibus
613 2090 657 2128 in
688 2090 838 2129 album
884 2090 1139 2138 referendis,
1171 2090 1248 2140 qui
1278 2090 1330 2129 de
1360 2090 1416 2129 iis
1446 2089 1615 2140 aliquid
1659 2088 1904 2134 nouissent,

289 2155 344 2193 ab
372 2154 549 2194 officiali
582 2155 917 2194 contenderunt.
951 2154 1094 2204 Quare
1123 2155 1199 2193 alii
1240 2155 1509 2206 aufugerunt
1553 2152 1787 2205 perniciosi
1817 2164 1907 2192 om-

289 2219 396 2258 nino
426 2219 591 2258 nostris
620 2219 866 2270 discipulis.
891 2220 1015 2259 Vnus
1036 2222 1128 2258 erat
1150 2220 1193 2258 in
1219 2220 1321 2259 vrbe
1341 2219 1531 2258 maxime
1552 2219 1740 2258 infestus
1760 2216 1904 2263 nobis,

288 2296 418 2335 quem
449 2285 754 2323 metuebamus
779 2284 955 2324 scholas
976 2287 1151 2323 nostras
1171 2285 1435 2328 disturbare,
1458 2284 1533 2335 qui
1555 2283 1643 2323 nisi
1663 2284 1907 2322 extremum

289 2348 472 2388 obiisset
502 2349 623 2388 breui
657 2348 787 2395 diem,
819 2349 1120 2395 confirmatus,
1153 2349 1325 2399 opinor,
1357 2351 1459 2388 ante
1501 2347 1803 2392 sacramentis
1835 2346 1906 2386 de-

289 2413 495 2453 deramus
524 2425 702 2464 operam
734 2415 774 2451 vt
807 2413 1072 2463 abigeretur.
1106 2413 1231 2453 Nunc
1261 2426 1315 2452 ne
1350 2425 1463 2452 vnus
1505 2413 1684 2464 quidem
1713 2411 1905 2451 auditur.

290 2478 411 2517 Duos
439 2478 652 2529 quosdam
686 2477 821 2517 huius
842 2478 1014 2528 generis
1036 2478 1253 2523 homines,
1285 2490 1473 2529 quorum
1494 2478 1605 2517 alter
1626 2476 1790 2516 nobilis
1810 2478 1907 2515 octo

289 2555 431 2582 annos
460 2554 539 2582 nec
567 2544 798 2582 confessus
828 2544 968 2582 fuerat
991 2554 1067 2582 nec
1087 2555 1258 2582 sacrum
1283 2543 1460 2582 Domini
1483 2543 1702 2593 receperat
1729 2552 1904 2591 corpus,

349 2710 365 2728 a
387 2710 514 2734 omnes
537 2701 692 2734 alterius
715 2701 776 2733 bis
801 2703 915 2741 repet.
941 2701 985 2732 in
1008 2711 1079 2734 ms.
1105 2701 1147 2732 in
1172 2702 1248 2742 fine
1272 2702 1337 2742 fol.
1361 2704 1396 2734 et
1419 2702 1537 2734 initio
1564 2700 1775 2742 sequentis.

352 2852 360 2868 ¹
384 2849 571 2881 Antonius
594 2848 814 2880 Borbonius.

351 2904 362 2921 ²³
386 2902 422 2934 P.
448 2901 568 2935 Guido
591 2901 724 2934 Roilet.

350 2957 363 2975 ³
385 2955 421 2987 P.
447 2955 630 2987 Robertus
653 2954 896 2987 Claissonius.

349 3010 361 3027 ⁴
384 3007 551 3041 Clemens
574 3007 690 3039 Marot
713 3007 873 3048 psalmos
897 3007 935 3038 in
960 3007 1124 3048 linguam
1163 3008 1333 3049 gallicam
1367 3009 1484 3050 ligata
1506 3008 1674 3041 oratione
1710 3006 1903 3040 convertit.

289 3059 339 3092 Cf.
363 3059 458 3092 Lm.
488 3058 706 3099 Quadrim.,
731 3058 790 3098 VI,
815 3059 887 3091 953.
