2028 3531
357 272 427 307 2³56
831 272 1035 308 mmmm
1069 272 1413 317 QuAanEsrmzs

311 392 503 429 nostram
528 389 789 429 Societatem
812 390 949 429 animi
973 391 1223 441 propensio,
1243 392 1289 429 ut
1310 390 1347 428 si
1371 390 1559 430 maxime
1580 390 1729 437 uelim,
1747 391 1929 431 omnino

310 452 455 493 tamen
486 454 640 496 laudes
669 454 766 493 eius
795 456 935 494 tacere
966 467 1053 494 non
1087 455 1265 505 possim.
1290 454 1421 493 Solus
1443 454 1529 493 fere
1550 454 1622 494 hic
1641 457 1708 494 est
1729 455 1930 506 princeps

310 517 356 557 in
386 520 477 557 tota
507 518 743 557 Germania
774 521 939 566 nostra,
971 520 1046 570 qui
1085 519 1345 559 catholicam
1396 519 1610 558 hactenus
1656 520 1784 559 tidem
1833 519 1930 559 reti-

310 582 470 629 nuerit,
503 594 580 633 pro
610 594 697 633 qua
726 583 856 621 etiam
888 584 943 622 ab
973 584 1211 629 erroribus,
1243 583 1407 633 quibus
1455 583 1584 633 plena
1633 584 1796 634 passim
1826 585 1932 624 sunt

310 646 382 685 hic
410 647 575 692 omnia,
607 646 878 686 uindicanda
906 649 1076 687 tantum
1107 648 1285 687 adhibet
1315 647 1449 698 studij
1482 650 1525 687 et
1552 660 1724 699 operae,
1755 650 1804 688 ut
1846 648 1929 699 ipsi

309 711 440 750 etiam
473 711 660 763 me[rito]
691 719 709 737 a
741 711 956 752 mirentur
988 713 1246 763 aduersarij.
1280 712 1477 763 Cumque
1507 713 1732 764 neglectus
1767 713 1931 764 passim

311 775 449 815 iaceat
477 776 624 815 cultus
640 776 824 816 diuinus
844 776 890 816 in
911 777 993 817 hac
1014 777 1265 824 Germania,
1289 777 1425 816 tantis
1445 777 1539 828 ipse
1558 790 1655 817 eum
1679 778 1931 829 sumptibus

309 851 587 887 conseruare,
618 853 776 880 ornare
805 843 846 881 et
877 853 1134 892 promouere
1164 842 1209 881 in
1240 842 1334 881 dies
1364 842 1525 890 studet,
1558 844 1606 882 ut
1636 842 1739 882 huic
1763 843 1847 882 soli
1869 843 1930 882 rei

311 916 468 944 uacare
500 905 724 953 uideatur;
757 917 930 946 sacrum
961 918 986 946 a
1016 907 1198 946 musicis
1228 906 1322 946 suis
1351 907 1632 946 decantatum
1662 907 1859 958 quotidie
1879 918 1931 946 ex

311 981 430 1008 more
458 970 597 1018 audit,
629 972 671 1009 et
699 970 849 1010 nescio
878 971 915 1010 si
945 972 1260 1011 catholicorum
1296 971 1547 1022 principum
1568 971 1804 1023 quisquam
1825 971 1864 1011 ei
1885 971 1931 1011 in

309 1034 578 1074 exornandis
607 1035 838 1083 altaribus,
870 1047 1109 1087 eorumque
1140 1036 1371 1083 ministris,
1403 1036 1648 1086 comparari
1696 1037 1778 1076 hoc
1823 1038 1930 1076 tem-

310 1110 414 1149 pore
443 1099 596 1149 possit.
631 1099 903 1140 Auidissime
933 1101 1168 1140 conciones
1197 1112 1310 1152 quae
1339 1113 1363 1140 a
1393 1101 1558 1140 nostris
1583 1101 1709 1149 fiunt,
1732 1103 1932 1152 expetere

309 1165 352 1203 et
380 1164 533 1204 audire
562 1165 696 1212 solet;
730 1165 843 1204 vnde
872 1165 1050 1216 saepius
1080 1166 1125 1205 in
1156 1166 1304 1205 aulam
1334 1177 1461 1205 suam
1491 1167 1667 1205 nostros
1705 1166 1840 1205 huius
1870 1165 1930 1205 rei

310 1229 452 1280 gratia
481 1229 656 1269 euocari
686 1230 822 1269 iubet.
857 1230 1144 1270 Hebdomada
1173 1233 1287 1270 certe
1316 1232 1470 1270 sancta
1499 1242 1598 1270 cum
1642 1231 1697 1270 ad
1734 1230 1932 1270 uicinum

310 1293 415 1333 huic
443 1294 542 1333 urbi
573 1294 889 1334 monasterium
920 1307 966 1334 se
1003 1295 1140 1334 animi
1187 1295 1425 1346 colligendi
1473 1295 1614 1346 gratia
1661 1295 1851 1346 recipere
1879 1307 1932 1335 ex

310 1370 430 1398 more
458 1359 701 1407 statuisset,
733 1371 872 1399 unum
901 1371 953 1399 ex
982 1360 1147 1399 nostris
1176 1361 1251 1411 qui
1282 1362 1435 1400 sancto
1464 1360 1542 1400 illo
1586 1363 1779 1411 tempore
1808 1372 1834 1399 a
1861 1372 1932 1399 sa-

309 1424 397 1463 cris
425 1424 465 1464 ei
494 1426 610 1464 esset
638 1424 943 1472 concionibus,
975 1425 1157 1464 omnino
1188 1425 1331 1465 uoluit
1360 1425 1575 1464 comitari.
1609 1425 1752 1465 Habet
1779 1427 1821 1465 et
1850 1425 1933 1465 hoc

310 1500 389 1539 pro
420 1500 538 1528 more
568 1488 683 1528 idem
713 1488 815 1539 pius
843 1489 1060 1540 princeps,
1092 1491 1140 1529 ut
1168 1489 1317 1529 omnia
1339 1490 1463 1529 urbis
1484 1490 1749 1529 monasteria
1770 1490 1816 1529 in
1838 1502 1931 1541 per-

310 1565 418 1593 sona
449 1553 690 1604 aliquando
720 1553 851 1601 uisat,
883 1554 1211 1605 prouidensque
1240 1566 1291 1593 ex
1321 1555 1424 1594 aula
1453 1566 1534 1594 sua
1580 1555 1634 1594 de
1672 1555 1933 1606 necessarijs

311 1618 435 1669 prius
463 1618 687 1666 omnibus,
719 1618 867 1658 cibum
910 1618 956 1657 in
986 1618 1141 1669 ijsdem
1177 1619 1286 1659 locis
1333 1621 1492 1660 sumat.
1541 1619 1708 1659 Octaua
1754 1619 1930 1671 quidem

310 1683 500 1734 paschae
529 1683 719 1734 primum
749 1683 949 1723 omnium
978 1684 1033 1723 ad
1063 1686 1263 1723 nostrum
1293 1684 1475 1724 diuertit
1503 1685 1732 1735 templum,
1764 1685 1840 1724 ubi
1865 1696 1932 1724 so-

310 1748 501 1788 lenniter
529 1749 584 1788 ab
614 1748 757 1799 ipsius
786 1748 968 1788 musicis
997 1749 1228 1788 decantato
1257 1761 1397 1793 sacro,
1429 1761 1600 1789 sacram
1629 1749 1762 1789 etiam
1788 1761 1932 1800 pome-

312 1813 485 1853 ridiano
532 1815 727 1864 tempore
778 1813 953 1853 audiuit
1003 1814 1268 1854 contionem.
1322 1814 1540 1854 Absoluto
1591 1817 1738 1854 autem
1790 1826 1929 1861 sacro,

310 1878 568 1929 priusquam
600 1878 656 1917 ad
685 1878 920 1929 prandium
968 1881 1180 1929 pergeret,
1229 1891 1384 1918 omnes
1431 1891 1513 1918 nos
1541 1879 1587 1918 in
1620 1891 1757 1919 unum
1786 1879 1932 1919 locum

310 1943 564 1994 congregati
611 1943 766 1983 ordine
813 1955 913 1983 eum
942 1944 1254 1991 salutauimus‚
1304 1956 1416 1995 quos
1445 1943 1464 1969 b
1495 1944 1589 1995 ipse
1618 1956 1749 1995 quam
1780 1956 1933 1984 aman-

310 2008 480 2047 tissime
515 2008 791 2055 resalutauit,
840 2008 1119 2059 singulisque
1167 2020 1348 2048 manum
1396 2009 1668 2060 perhumane
1714 2009 1928 2060 porrexit:

311 2073 462 2112 aderat
489 2085 608 2112 unus
637 2085 689 2112 ex
719 2073 966 2124 discipulis,
997 2073 1073 2124 qui
1104 2074 1395 2124 gratulatorio
1424 2075 1617 2114 carmine
1646 2074 1785 2114 latino
1832 2086 1932 2114 eum

310 2138 541 2188 exciperet,
591 2149 722 2189 quem
769 2137 957 2177 libenter
1002 2138 1258 2177 recitantem
1305 2139 1493 2178 audiuit.
1543 2138 1728 2189 Sumpto
1774 2138 1932 2178 deinde

311 2202 512 2253 prandio,
561 2202 860 2253 concioneque
906 2202 1073 2248 audita,
1124 2215 1213 2242 una
1259 2215 1359 2243 cum
1405 2203 1668 2243 charissima
1713 2205 1755 2242 et
1793 2203 1930 2244 illust.

311 2269 463 2315 matre,
495 2269 626 2318 atque
656 2267 794 2307 illust.
817 2267 1005 2318 coniuge
1034 2279 1116 2306 sua
1146 2270 1174 2315 1,
1208 2268 1488 2318 imperatoris
1509 2268 1648 2307 nostri
1669 2268 1775 2315 filia,
1798 2268 1932 2307 simul

310 2343 411 2371 cum
440 2332 615 2371 duobus
644 2331 922 2383 principibus
950 2331 1056 2382 filijs
1086 2332 1353 2379 iunioribus,
1385 2344 1538 2372 omnes
1566 2344 1676 2383 pene
1696 2332 1832 2372 huius
1847 2332 1933 2371 col-

311 2397 415 2447 legii
453 2397 643 2447 angulos
690 2397 954 2447 scholasque
1000 2408 1153 2436 omnes
1201 2397 1393 2437 maxima
1440 2409 1540 2437 cum
1587 2397 1863 2437 humanitate
1891 2399 1932 2436 et

310 2461 445 2501 animi
477 2461 646 2500 laetitia
676 2461 942 2511 perlustrare
971 2461 1181 2512 dignatus
1223 2464 1310 2501 est:
1361 2462 1478 2502 alius
1525 2462 1702 2502 interim
1749 2461 1932 2501 accessit

310 2526 582 2573 adolescens,
614 2526 690 2576 qui
712 2537 868 2576 graeco
888 2525 1081 2565 carmine
1104 2526 1213 2565 tanti
1236 2526 1449 2577 principis
1468 2527 1705 2566 celebraret
1726 2526 1929 2573 uirtutes,

310 2592 352 2630 et
380 2591 725 2641 qualescumque
747 2602 824 2641 pro
844 2589 980 2629 tantis
1000 2589 1096 2629 eius
1116 2590 1163 2629 in
1184 2602 1280 2639 nos,
1302 2591 1499 2642 adeoque
1520 2591 1758 2631 Ecclesiam
1777 2592 1929 2638 totam,

310 2655 480 2694 meritis
508 2655 779 2706 persolueret
807 2654 986 2706 gratias.
1020 2654 1140 2704 Quae
1168 2655 1317 2695 omnia
1347 2668 1446 2695 cum
1467 2657 1631 2695 attente
1653 2654 1929 2706 percepisset,

311 2720 489 2759 tandem
519 2720 580 2759 ita
609 2731 706 2767 nos,
738 2719 815 2770 qui
844 2722 1098 2770 praesentes
1126 2720 1375 2768 aderamus,
1407 2721 1665 2771 alloquutus
1693 2721 1781 2759 est:
1817 2718 1931 2770 grati

373 2893 391 2912 a
422 2884 660 2926 Consumpta
697 2884 851 2916 charta.
876 2902 916 2906 —
938 2883 957 2910 b
984 2892 1077 2925 quos
1114 2892 1241 2925 supra
1278 2893 1393 2921 vers„
1420 2884 1539 2917 deleto
1568 2885 1662 2925 post.

373 3047 380 3063 ¹
406 3044 514 3077 Anna
538 3044 761 3077 Ferdinandi
786 3045 914 3086 imper.
939 3044 1027 3078 filia.
