2028 3531
337 280 408 314 (596
810 279 1014 314 LITTERAE
1041 280 1385 323 Quzxnniusss'rnws

1059 473 1159 520 610

632 613 685 662 Ρ.
727 611 1138 663 FRANCISCUS
1176 610 1264 661 DE
1302 610 1565 660 GRANDI

831 760 935 785 NOLA
962 749 984 784 4
1011 758 1199 785 IANUARII
1228 747 1320 784 1560.)
1346 748 1369 783 1.

289 873 327 908 1.
361 869 490 909 Socii.
522 869 681 908 Preces
704 881 788 918 pro
814 869 1029 907 Ecclesiae
1056 866 1406 906 necessitatibus.
1434 867 1640 915 Tempore
1664 865 1912 904 vindemiae

396 936 554 973 vinum
583 934 902 972 emendicatur.
935 956 984 959 —
1015 936 1056 971 2.
1087 933 1196 971 Acta
1229 933 1277 970 in
1311 930 1909 985 studiorum„renovatione

398 999 618 1048 Dialogus
648 1011 674 1037 a
705 999 940 1048 discipulis
961 998 1176 1036 recitatus
1201 997 1328 1035 «valde
1343 996 1503 1046 placet.
1527 995 1812 1035 Studentium
1831 1006 1913 1033 nii·

397 1075 548 1102 merus
579 1064 795 1113 auyetum
825 1065 902 1112 qui
930 1063 1056 1112 festis
1077 1062 1228 1101 diebus
1259 1061 1316 1100 ad
1344 1061 1605 1100 sanctorum
1625 1061 1742 1099 vitas
1773 1060 1913 1110 leyen-

397 1129 478 1167 das
508 1128 788 1167 adunantur.
822 1150 870 1153 —
902 1131 942 1165 3.
977 1126 1137 1166 Clerici
1167 1126 1223 1165 ad
1252 1126 1509 1164 catechesim
1543 1125 1801 1164 accurrunt.
1833 1124 1912 1163 Iu-

397 1193 528 1231 bilaei
572 1192 840 1242 adquirendi
882 1193 1035 1241 „qratia
1076 1192 1125 1240 fit
1167 1202 1361 1240 magnus
1403 1201 1646 1228 concursus
1680 1188 1737 1227 ad
1765 1200 1913 1227 sacra-

396 1257 559 1296 menta.
593 1258 798 1307 Aegrotis
830 1257 996 1295 adsunt
1025 1257 1146 1303 socii,
1178 1257 1255 1304 qui
1284 1255 1335 1293 ab
1367 1254 1593 1304 aliquibus
1621 1253 1844 1292 nobilibus
1863 1253 1914 1292 ut

395 1335 501 1362 suos
531 1323 743 1361 adiuvent
786 1322 1069 1371 expetuntur.
1103 1342 1149 1347 -
1179 1324 1223 1358 4.
1253 1320 1393 1358 Paces
1436 1319 1635 1368 difficiles
1677 1319 1716 1357 et
1758 1319 1914 1368 mayni

395 1388 609 1426 momenti
651 1388 778 1436 fiunt.
811 1409 861 1413 —
896 1391 938 1425 5.
973 1386 1157 1425 Comitis
1199 1385 1404 1432 nolanae,
1438 1385 1661 1434 principis
1703 1384 1754 1422 de
1795 1384 1910 1422 Bisi-

394 1465 545 1503 9nano
578 1465 705 1491 cwnor
734 1454 772 1492 et
803 1452 1096 1501 beneficentia.
1134 1451 1337 1489 Nolanus
1371 1451 1599 1499 episcopus
1633 1450 1815 1488 clericos
1844 1461 1913 1487 sa-

394 1520 484 1557 cris
513 1518 764 1557 initiandos
793 1518 964 1556 nostris
993 1516 1320 1556 examinandos
1350 1515 1599 1554 committit.

371 1642 407 1680 1.
439 1642 468 1691 †
498 1641 587 1681 Ihs.
618 1641 753 1680 Molto
784 1639 881 1680 R.d0
915 1640 960 1679 in
991 1640 1098 1690 Xp.0
1132 1640 1177 1679 P.
1202 1640 1293 1678 Pax
1323 1637 1503 1687 Christi,
1526 1639 1606 1678 etc.
1640 1636 1773 1677 Accio
1803 1636 1914 1676 l'or-

289 1705 394 1745 dine
423 1706 540 1745 della
570 1705 841 1756 Compagnia
872 1705 918 1744 in
947 1705 1115 1744 scriuer
1145 1704 1295 1744 lettere
1316 1702 1627 1754 quadrimestri
1657 1702 1695 1741 si
1725 1700 1910 1748 osserui‚

290 1771 414 1822 potra
444 1771 487 1809 la
516 1771 568 1810 R.
592 1771 639 1810 P.
665 1771 714 1810 V.
748 1782 931 1821 sappere
956 1781 1077 1809 corne
1099 1769 1145 1808 in
1175 1771 1331 1819 questo
1351 1767 1568 1819 colleggio
1597 1767 1641 1806 di
1663 1766 1774 1806 Nola
1803 1777 1913 1805 sono

289 1835 331 1874 al
363 1836 562 1886 presente
604 1835 836 1885 quindeci3
882 1836 946 1874 tre
988 1833 1220 1881 sacerdoti,
1253 1834 1312 1884 gli
1343 1832 1445 1872 altri
1480 1832 1596 1872 laici.
1634 1831 1812 1883 [Omnes
1840 1844 1913 1870 va-

292 1902 381 1940 lent
424 1902 462 1940 et
507 1901 563 1940 ad
600 1902 913 1951 perfectionem
957 1898 1260 1950 contendunt]
1293 1899 1445 1938 Fanno
1488 1897 1682 1936 anchora
1711 1896 1913 1935 instanza

289 1964 437 2004 alcuni
467 1964 547 2003 che
576 1972 594 1990 a
629 1964 668 2003 le
689 1964 938 2013 discipline,
966 1963 1005 2003 le
1035 1963 1156 2013 quali
1179 1975 1255 2013 per
1277 1961 1493 2002 necessita
1514 1961 1558 2000 di
1579 1962 1709 2000 santa
1727 1960 1876 1999 chiesa
1894 1958 1912 1985 b

288 2029 327 2069 si
357 2029 553 2075 faceano‚
584 2041 677 2067 non
707 2029 747 2067 le
777 2029 903 2067 siano
933 2028 1003 2067 del
1034 2030 1147 2067 tutto
1178 2028 1345 2075 leuate3
1378 2027 1417 2066 le
1450 2026 1572 2077 quali
1609 2025 1776 2065 benche
1805 2024 1911 2064 hab-

289 2093 395 2133 bino
425 2093 716 2143 interlassate,
747 2105 835 2132 non
865 2104 1050 2132 cessano
1082 2093 1184 2143 pero
1213 2092 1257 2132 di
1289 2092 1470 2132 recitare
1509 2090 1613 2142 ogni
1644 2089 1800 2141 giorno
1829 2100 1912 2129 con

288 2158 517 2198 diuotione
547 2158 586 2197 le
616 2158 791 2205 letanie,
824 2158 1042 2208 sperando
1085 2157 1230 2207 doppo
1275 2157 1431 2196 alcune
1475 2156 1636 2195 fatiche
1674 2154 1913 2205 racogliere

288 2223 419 2262 alcun
463 2223 599 2262 fruito
643 2223 687 2262 di
735 2223 1018 2273 perfetiione3
1051 2222 1093 2261 al
1123 2222 1203 2261 che
1248 2222 1337 2260 fare
1376 2221 1418 2260 la
1452 2219 1743 2260 essortatione
1771 2219 1851 2258 che
1880 2217 1912 2257 il

288 2288 470 2328 uenerdi
499 2288 537 2327 si
568 2288 609 2327 fa
641 2288 701 2338 gli
733 2288 890 2331 inuita,
922 2289 963 2326 et
993 2287 1053 2337 gli
1084 2287 1222 2326 buoni
1266 2285 1454 2336 essempi
1484 2285 1589 2324 delli
1634 2283 1819 2335 magiori
1850 2283 1911 2334 gli

287 2352 508 2403 spingono
529 2359 558 2391 ⁰.
592 2352 697 2391 Fece
727 2352 798 2390 nel
830 2353 974 2402 tempo
1004 2351 1121 2390 della
1167 2350 1444 2390 uendernmia
1474 2350 1515 2389 la
1553 2360 1676 2388 cerca
1705 2348 1775 2387 del
1805 2347 1912 2387 uino

290 2429 378 2456 uno
407 2416 512 2456 delli
543 2417 683 2456 nostri
714 2416 875 2455 fratelli
897 2416 1142 2455 coadiutori
1164 2427 1246 2454 con
1269 2415 1402 2454 molta
1429 2413 1705 2454 edificatione
1735 2413 1778 2452 di
1809 2411 1911 2452 tutti

287 2483 330 2521 et
359 2493 449 2520 non
479 2493 587 2532 poca
619 2481 764 2521 utilita
785 2480 827 2520 di
851 2483 1007 2531 questo
1036 2480 1253 2531 colleggio
1282 2481 1310 2518 2.
1338 2480 1597 2518 Rinouorno
1640 2478 1700 2529 gli
1732 2477 1909 2524 fratelli,

287 2546 433 2598 doppo
462 2547 602 2586 hauer
631 2546 740 2585 satta
768 2546 811 2585 la
840 2545 1017 2596 general
1047 2545 1326 2584 confessione
1369 2544 1474 2584 delli
1509 2543 1572 2583 sei
1604 2543 1711 2583 mesi
1742 2541 1909 2589 andan,

349 2749 367 2768 a
387 2740 469 2773 Del.
494 2740 558 2781 gli.
576 2759 615 2763 —
640 2740 657 2766 b
677 2739 838 2772 Emend.
862 2748 910 2771 cac
932 2738 1076 2779 ghiesa.
1094 2758 1133 2761 —
1157 2748 1171 2765 c
1191 2738 1351 2771 Ememl.
1370 2748 1417 2770 em
1435 2738 1672 2779 sospingono.

350 2897 359 2914 ¹
383 2895 435 2927 Ex
469 2896 627 2936 autogr„
652 2895 695 2927 ut
729 2894 886 2932 videtur,
911 2893 950 2924 in
984 2893 1062 2925 cod.
1100 2892 1222 2932 Neap.
1248 2892 1331 2928 193,
1357 2892 1391 2924 ff.
1427 2892 1479 2930 82,
1503 2892 1565 2930 83;
1603 2891 1706 2931 prius
1742 2890 1811 2928 153,
1839 2889 1908 2922 154.

287 2948 537 2989 Subsequitur
560 2947 662 2979 aliud
686 2956 742 2979 ex.
768 2946 899 2978 italum
924 2946 961 2977 in
984 2945 1019 2977 ff.
1044 2946 1151 2977 84—85.
1178 2945 1241 2976 Est
1264 2946 1299 2976 et
1322 2954 1378 2977 ex.
1404 2945 1562 2976 latinum
1597 2944 1635 2975 in
1658 2943 1694 2976 ff.
1715 2944 1823 2982 80-81‚
1847 2942 1910 2974 da-

288 3002 368 3032 tum
394 3014 408 3028 ⁴<
433 3001 552 3041 pridie
575 3000 699 3033 Galen.
724 2999 894 3032 Januarii
919 2998 1082 3030 MDLXLJ
1110 3011 1139 3030 ».

351 3055 363 3072 ⁵³
385 3054 436 3086 Cf.
464 3063 498 3095 p.
524 3054 596 3086 478.
