2028 3531
508 285 589 322 603.
621 308 665 312 -
691 286 912 323 ΜοΝΑοΗιο
942 287 957 323 l
986 286 1180 324 IANUARII
1210 286 1301 323 1562
1648 285 1714 321 671

129 404 418 451 sacerdotem,
448 404 801 456 conuiuiumque
845 405 1138 453 honorarent3
1179 417 1267 456 qua
1311 404 1490 455 quidem
1530 403 1763 443 occasione

128 469 294 509 factum
323 471 403 515 est,
427 471 476 508 ut
504 471 730 509 contracta
759 481 861 510 cum
882 469 1108 522 primarijs
1138 469 1249 510 uiris
1280 469 1372 508 illis
1398 468 1619 507 nonnulla
1641 467 1767 507 fami-

128 534 336 582 liaritate,
368 534 601 586 aequiores
645 535 748 575 illos
790 548 893 587 erga
936 548 1019 575 nos
1059 535 1340 587 postmodum
1386 545 1544 573 sumus
1579 532 1763 584 experti,

128 611 229 639 cum
259 599 372 639 alias
401 611 493 639 non
522 611 681 650 parum
711 612 736 639 a
766 601 897 641 nobis
922 601 1058 640 alieni
1080 599 1306 651 potuerint
1344 598 1502 639 uideri.
1545 597 1766 649 Saepenu-

128 676 248 704 mero
292 664 409 704 idem
457 664 663 715 princeps
706 665 849 705 zelum
892 678 1025 706 suum
1067 677 1171 717 erga
1214 664 1455 704 Ecclesiam
1499 662 1765 703 catholicam

127 729 336 776 ostendit,
369 730 445 768 aut
475 730 795 780 compescendo
825 731 1047 771 tumultus
1078 729 1311 770 rebellium
1357 728 1655 774 subditorum,
1687 726 1765 778 qui

127 795 297 834 occulte
344 794 660 834 machinantur
711 795 1086 835 introductionem
1143 793 1474 835 communionis
1531 792 1766 843 utriusque

126 859 303 911 speciei,
336 861 414 899 aut
441 859 566 899 curia
595 871 675 899 sua
706 861 981 900 extrudendo
1011 869 1029 887 a
1049 873 1125 901 eos
1154 872 1268 912 quos
1302 859 1525 899 haeretica
1559 858 1659 898 labe
1689 869 1766 897 no-

126 925 241 964 uerit
270 924 613 964 contaminatos.
639 925 690 964 Et
720 928 767 965 ut
791 926 1077 977 magnatibus
1098 926 1290 978 alijsque
1310 925 1521 965 omnibus
1552 926 1764 964 terrorem

125 989 358 1037 incuteret,
383 992 486 1029 ante
515 1002 682 1041 paucas
702 991 991 1041 septimanas,
1015 1003 1279 1043 generosum
1302 990 1525 1042 quendam
1561 990 1604 1028 et
1633 988 1765 1028 ualde

126 1056 348 1106 potentem
391 1055 640 1102 dominum,
673 1058 851 1107 propter
892 1056 1111 1096 haeresim
1156 1056 1259 1096 aula
1304 1067 1401 1100 sua,
1433 1067 1487 1094 ex
1516 1053 1764 1105 improuiso

124 1119 395 1166 deturbauit,
427 1120 549 1159 omni
593 1121 725 1171 plane
769 1121 922 1161 fauore
965 1122 1223 1172 spoliatum.
1257 1121 1399 1160 Taceo
1429 1120 1482 1160 de
1512 1119 1747 1159 sereniss.a

126 1197 262 1225 uxore
293 1186 461 1237 regina,
494 1197 608 1236 quae
640 1188 688 1226 ut
717 1186 931 1226 relatione
963 1187 1046 1226 fide
1085 1186 1325 1237 dignorum
1367 1186 1627 1237 accipimus,
1659 1195 1763 1235 erga

122 1262 206 1290 nos
234 1251 400 1302 optime
429 1263 651 1302 propensa
680 1253 760 1292 est.
795 1252 856 1291 De
887 1252 1193 1292 illustrissima
1233 1254 1373 1291 matre
1416 1251 1544 1291 ducis
1574 1261 1664 1289 non
1695 1250 1762 1288 est

124 1316 370 1367 praesentis
400 1316 596 1356 instituti
628 1317 772 1356 multa
800 1317 960 1365 dicere,
992 1329 1093 1357 cum
1123 1318 1176 1357 de
1206 1330 1257 1357 ea
1291 1319 1423 1357 antea
1466 1328 1597 1367 saepe
1627 1314 1763 1365 scrip·

123 1381 315 1421 serimus
345 1384 356 1406 ¹
388 1384 430 1421 et
459 1382 574 1422 nulli
605 1394 696 1422 non
726 1383 895 1423 clarum
927 1384 984 1422 sit
1015 1396 1109 1423 eam
1142 1395 1238 1423 esse
1259 1383 1489 1423 heroinam
1511 1381 1763 1421 catholicis-

123 1447 298 1495 simam,
344 1459 589 1499 pauperum
639 1448 995 1500 afssictorumque
1044 1450 1302 1497 anchoram,
1348 1452 1390 1489 et
1433 1446 1762 1488 misericordiae

123 1512 335 1563 operibus
380 1513 721 1561 deditissimam,
755 1515 886 1554 nobis
917 1527 1022 1554 uero
1057 1515 1354 1565 undecunque
1388 1513 1760 1554 fauentissimam.

124 1577 270 1617 Exteri
314 1578 455 1630 aliqui
498 1579 786 1619 ecclesiarum
830 1580 1015 1631 praelati
1059 1592 1162 1631 erga
1206 1592 1288 1619 nos
1330 1591 1464 1631 quam
1495 1579 1586 1619 sint
1615 1576 1761 1617 affecti

124 1643 229 1683 hinc
258 1644 587 1695 cognoscimus,
620 1645 740 1695 quod
770 1657 1051 1697 quacumque
1081 1646 1126 1685 in
1159 1658 1203 1685 re
1234 1645 1364 1685 nobis
1394 1644 1633 1696 gratificari
1663 1654 1763 1694 pos-

123 1711 244 1756 sunt,
277 1721 324 1749 se
353 1711 533 1760 paratos
563 1712 605 1749 et
634 1711 788 1758 uerbo,
820 1713 862 1750 et
891 1723 936 1750 re
966 1711 1064 1762 ipsa
1106 1711 1308 1752 offerant.
1341 1710 1540 1762 Cumque
1582 1711 1761 1749 nostrae

122 1774 302 1814 scholae
348 1775 522 1826 hyemis
564 1778 761 1827 tempore
804 1777 1186 1828 quamplurimum
1234 1776 1459 1827 lignorum
1504 1775 1759 1821 absumant,

122 1840 366 1891 praepositi
397 1840 537 1892 aliqui
568 1841 958 1891 monasteriorum,
982 1854 1094 1893 quos
1120 1841 1488 1893 opulentissimos
1517 1841 1652 1879 habet
1681 1839 1760 1878 Ba-

122 1905 263 1955 uaria,
296 1918 386 1945 non
418 1918 583 1957 paucas
613 1906 840 1958 lignorum
884 1909 1000 1947 rates
1032 1910 1096 1958 (ut
1139 1908 1370 1956 uocamus)
1414 1906 1460 1945 in
1504 1905 1758 1945 scholarum

122 1973 378 2011 nostrarum
401 1983 532 2011 usum
563 1972 704 2024 gratis
735 1973 1101 2024 suppeditarunt;
1125 1985 1181 2013 ne
1201 1985 1284 2012 nos
1306 1973 1351 2012 in
1374 1984 1419 2012 re
1440 1971 1651 2011 familiari
1672 1970 1760 2010 dis-

121 2036 333 2086 pendium
364 2037 547 2089 aliquod
570 2038 659 2089 pati
681 2050 952 2090 cogeremur.
975 2039 1233 2078 Amicorum
1268 2038 1345 2089 alij
1377 2037 1549 2077 uitibus
1588 2048 1759 2076 nouum

120 2101 300 2141 hortum
330 2106 533 2142 nostrum
564 2115 723 2143 ornare
753 2104 973 2155 gaudent3
1005 2104 1187 2155 quidam
1219 2103 1374 2143 altaris
1416 2102 1558 2142 nostri
1588 2101 1759 2141 cultum

122 2167 289 2207 casulis
319 2167 512 2220 alijsque
542 2168 744 2221 donariis
773 2169 1072 2220 amplificant;
1104 2170 1180 2221 alij
1213 2182 1237 2208 a
1268 2169 1398 2209 nobis
1427 2167 1762 2208 commendatos

119 2231 310 2272 libenter
338 2232 385 2272 in
416 2233 633 2273 familiam
663 2245 791 2274 suam
823 2235 1064 2286 recipiunt;
1089 2235 1165 2286 alij
1190 2235 1292 2286 alijS
1312 2246 1396 2274 nos
1416 2233 1662 2273 officiorum
1688 2244 1760 2283 ge-

120 2297 304 2337 neribus
332 2299 561 2339 cumulare
592 2299 811 2340 laborant.
843 2300 928 2340 Sed
959 2313 1014 2340 ne
1044 2300 1220 2352 legendi
1252 2312 1375 2339 mora
1410 2299 1644 2339 fastidiosa
1674 2300 1759 2337 tra-

120 2362 267 2411 hatur,
313 2363 506 2415 longiori
553 2364 749 2405 dictione
792 2366 1197 2416 supersedebimus.
1237 2365 1423 2418 [Rerum
1466 2365 1759 2415 exiguitatem

119 2430 288 2479 fatetur
317 2431 357 2469 et
382 2443 533 2480 preces
560 2430 794 2483 postulatJ.
828 2431 1049 2483 Monachij
1082 2431 1282 2471 calendis
1314 2430 1508 2480 Ianuarij
1544 2429 1660 2469 1562).

227 2493 342 2535 Ριέῑᾶθ
372 2495 661 2535 Paternitatis
692 2498 794 2536 tuae
823 2497 945 2537 filius
975 2497 1021 2536 in
1052 2496 1183 2537 Chro.
1208 2496 1438 2536 minimus.

1231 2581 1424 2620 IOANNES
1455 2580 1641 2619 Dmsms
1670 2580 1700 2618 2.

224 2669 486 2719 Inscriptio.
520 2669 606 2708 Pro
636 2670 871 2720 prouincia
903 2670 1057 2710 Italiae
1087 2670 1196 2710 citra
1229 2670 1429 2710 Romam.

180 2810 199 2829 a
219 2803 405 2835 tumultus
427 2822 467 2826 —
489 2805 721 2837 extrudendo
744 2805 789 2836 in
818 2815 945 2847 marg.

181 2928 191 2946 ¹
215 2927 267 2960 Cf.
292 2927 388 2961 Lite.
417 2927 625 2968 Quadrim.
650 2929 711 2969 VI,
737 2931 890 2965 719-720;
916 2932 952 2963 et
975 2931 1150 2972 superius
1172 2940 1207 2972 p.
1233 2931 1304 2962 257.

178 2983 192 3001 ²
215 2982 266 3014 De
289 2982 469 3024 epistolae
492 2984 643 3015 auctore
667 2983 719 3016 Cf.
744 2983 868 3025 Epist.
894 2984 937 3016 Ρ.
963 2984 1111 3021 Ναᾱαῖ,
1138 2985 1182 3020 II.
1208 2985 1279 3016 561.
1305 2984 1421 3016 Notae
1459 2984 1545 3017 illae
1578 2985 1756 3017 videntur

118 3035 279 3076 scriptae
302 3045 400 3068 anno
425 3037 516 3069 1566.
542 3036 644 3069 Obiit
668 3037 705 3070 P.
731 3037 878 3070 Dirsius
902 3038 1109 3080 Oeniponte
1132 3039 1172 3070 229
1194 3038 1360 3070 Ianuarii
1394 3038 1485 3070 1569.
1511 3037 1562 3071 Cf.
1589 3038 1755 3071 BRAUNS—

117 3097 276 3121 BERGER:
301 3089 346 3122 B.
371 3089 482 3122 Petri
509 3090 668 3123 Canisii
690 3090 829 3132 Epist„
855 3091 915 3131 VI,
940 3092 1012 3125 245.
