2028 3531
309 245 370 279 11¹4
780 244 979 280 LITTERAE
1006 247 1349 289 QU.1x1›R1MEsTR}⁴1s

256 363 396 402 cauit:
426 363 634 413 quamuis
660 363 776 401 dona
797 371 812 388 ³¹
841 364 1026 414 quedam
1050 364 1181 402 claris
1205 364 1427 402 natalibus
1448 366 1557 404 orta.
1577 376 1661 414 que
1682 364 1872 414 singulis

260 428 485 466 mensibus
514 427 744 475 sexaginta
782 430 1013 478 argenteos
1044 429 1172 467 nobis
1201 428 1519 477 ‹l‹›nabat.jam
1557 431 1750 467 nostram
1783 429 1873 467 nol-

259 492 339 530 luit
370 492 570 541 gratiam.
605 491 751 541 Hujus
781 492 840 530 rei
873 492 1083 531 rationem
1118 505 1204 531 non
1228 492 1446 531 immerito
1481 492 1612 541 tacui,
1635 504 1718 531 cun
1752 492 1873 531 nulla

257 556 313 595 sit
344 556 465 607 (quia
498 558 625 606 prout
671 556 876 595 voluntas
918 557 1014 607 ejus
1059 558 1190 598 tullit.
1226 558 1283 596 ita
1327 559 1485 595 sactum
1521 560 1619 604 est),
1668 557 1874 607 quamuis

258 634 343 659 non
367 622 548 659 omnino
578 621 742 660 amissa
772 624 835 660 est
867 634 982 672 spes,
1014 634 1111 661 cum
1144 622 1487 672 chirographum
1519 622 1616 671 eius
1645 622 1763 672 apud
1795 634 1875 661 nos

257 686 313 724 sit
346 689 371 724 ¹.

338 750 548 789 Nonnulli
581 752 727 790 tamen
756 762 809 790 ex
837 751 1122 791 eclesiasticis
1154 764 1233 790 nos
1282 751 1438 790 intimo
1475 753 1776 802 consequntur
1814 753 1875 790 31·-

260 817 387 856 lectu.
437 815 513 866 qui
557 815 675 854 etian
719 816 848 855 nobis
890 816 1201 855 eleemosinam
1249 815 1587 866 impartiuntur3
1646 816 1745 855 licet
1790 819 1876 854 sere

257 880 391 919 semel
422 880 467 918 in
497 892 631 927 anno,
663 882 857 931 tempore
888 881 1057 920 messis.

336 944 543 984 Nostrum
574 956 676 984 vero
705 945 1057 985 circumcisionis
1104 948 1279 991 festum,
1311 945 1416 996 quia
1445 945 1554 984 satis
1582 945 1774 996 copiose.
1806 958 1876 984 so—

258 1009 546 1060 lemniterque
566 1009 833 1049 celebratum
865 1009 962 1057 suit,
986 1010 1084 1049 ideo
1114 1022 1202 1049 non
1232 1021 1345 1060 opus
1374 1012 1439 1049 est
1468 1009 1522 1048 ad
1554 1009 1664 1049 illud
1695 1010 1877 1049 laudan-

257 1075 361 1114 dum
394 1075 582 1114 multum
611 1086 869 1114 consumere
899 1075 1122 1126 temporis.
1147 1075 1311 1114 Tamen
1333 1075 1439 1126 quia
1459 1075 1542 1114 hoc
1562 1075 1671 1115 satis
1692 1075 1875 1126 dignum

256 1141 322 1178 est
351 1138 479 1186 scitu,
511 1150 641 1189 opere
672 1139 865 1190 precium
904 1139 1009 1178 duxi
1040 1139 1151 1178 illud
1183 1151 1271 1178 non
1301 1139 1515 1179 omittere.
1552 1139 1765 1179 Videlicet
1795 1140 1877 1179 fra-

258 1206 345 1243 tres
375 1203 690 1251 franciscanos,
722 1215 772 1243 ac
802 1203 873 1243 S.¹i
902 1204 1138 1250 Dominici‚
1180 1216 1297 1243 anno
1338 1204 1544 1254 preterito
1578 1216 1660 1244 nos
1688 1204 1743 1244 ad
1773 1216 1878 1244 suas

257 1268 561 1308 solemnitates
599 1268 781 1308 minime
819 1268 1072 1308 advocasse.
1117 1269 1185 1307 An
1225 1269 1280 1307 lis
1310 1269 1445 1319 hujus
1475 1269 1536 1308 rei
1567 1280 1700 1308 causa
1730 1269 1876 1314 fuerit,

260 1345 327 1372 me
356 1333 461 1372 latet
489 1334 527 1380 2;
561 1333 690 1372 nobis
728 1335 875 1372 tamen
915 1333 1083 1372 vissum
1119 1335 1185 1372 est
1220 1336 1289 1381 (ne
1320 1334 1430 1373 forte
1460 1333 1571 1373 illud
1603 1334 1876 1374 mundanum

258 1398 424 1437 dictum
454 1409 752 1449 sequeremur,
785 1397 822 1437 si
853 1409 941 1437 non
989 1399 1094 1437 tuus
1137 1398 1260 1437 fuero
1302 1398 1510 1446 conuiua,
1555 1410 1635 1438 nec
1674 1401 1721 1438 tu
1755 1410 1879 1438 meus

257 1462 360 1511 eris)
401 1462 503 1502 illos
532 1462 588 1501 ad
617 1465 819 1502 nostrum
864 1474 1039 1509 vocare3
1073 1462 1149 1512 qui
1185 1463 1483 1502 libentissimo
1517 1463 1665 1503 dixere
1698 1463 1875 1503 animo:

257 1527 494 1568 aderimus.
519 1528 611 1567 Hoc
631 1539 765 1578 quam
788 1528 896 1567 bene
916 1527 1083 1567 vissum
1112 1529 1187 1566 tan
1219 1527 1342 1578 ipsis,
1374 1539 1507 1579 quam
1536 1528 1701 1579 populo
1732 1528 1876 1574 fuerit,

258 1604 348 1631 non
378 1604 491 1642 opus
520 1594 585 1631 est
614 1592 771 1633 dicere.

338 1657 389 1696 In
418 1657 610 1707 presenti
640 1657 746 1708 quid
772 1657 965 1708 amplius
985 1657 1039 1696 ad
1061 1659 1101 1696 te
1122 1657 1327 1705 scribam,
1351 1669 1440 1697 non
1470 1658 1672 1698 occrruit.
1708 1658 1880 1710 [Preces

252 1724 469 1773 postulat,
493 1735 541 1761 ac
566 1722 804 1773 valedicit]
850 1722 1078 1761 Palantiae
1107 1724 1230 1761 sexto
1259 1722 1500 1762 chalendas
1530 1723 1711 1773 Aprilis.
1757 1723 1880 1762 Tuus

258 1786 305 1826 in
334 1787 500 1826 christo
530 1786 650 1826 filius
680 1787 893 1826 minimus
918 1785 950 1826 ¹³.

1290 1910 1712 1952 HERNANDALUAREZ
1742 1914 1770 1952 ³.

320 2120 336 2137 a
356 2111 422 2143 Sic
439 2120 515 2152 pro
538 2111 698 2143 domina.
723 2129 762 2132 —
786 2111 804 2137 b
820 2110 945 2142 Prius
970 2111 1136 2144 intimus.

323 2303 332 2318 ¹
356 2301 407 2333 Cf.
433 2300 527 2333 Litt.
557 2300 762 2340 Quam-im.
788 2300 847 2339 VI,
872 2301 943 2332 936.

321 2356 333 2372 2
355 2353 406 2386 Cf.
433 2353 523 2385 ibid.
547 2353 619 2385 937.

321 2409 333 2425 ³
355 2406 407 2438 Cf.
432 2406 526 2438 Lm.
570 2405 790 2445 Quadrima„
814 2405 857 2445 V,
881 2406 963 2438 441:
988 2405 1048 2444 Vl,
1073 2406 1145 2438 487.
1171 2406 1222 2438 Ex
1260 2408 1449 2447 responsis
1485 2408 1531 2439 ad
1568 2408 1878 2449 interrogationes

258 2460 295 2491 P.
320 2459 449 2498 NadaI,
474 2460 627 2491 ineunte
650 2468 748 2491 anno
772 2459 862 2497 1562,
887 2459 1050 2499 scriptis7
1070 2459 1316 2500 intelligimus
1340 2460 1376 2492 P.
1402 2460 1555 2493 Alvarez
1571 2460 1629 2493 del
1645 2461 1779 2501 Aguila
1796 2470 1877 2493 esse

258 2512 404 2553 collegii
428 2512 610 2553 palentini
635 2512 823 2544 rectorem.
