2028 3531
330 283 398 318 700
801 283 1003 319 Lvrrmzm:
1039 283 1384 327 QUAanMESTRES

282 403 477 451 tempora
506 401 549 439 di
581 400 735 440 Natale
755 413 837 440 con
868 400 1015 440 alcuni
1047 400 1083 439 si
1114 401 1136 439 e
1168 400 1289 446 satta,
1315 400 1662 439 sodisfaeendosi
1695 412 1783 440 non
1804 401 1900 440 solo

282 478 307 505 a
336 465 495 517 questi,
529 477 598 504 ma
626 478 651 505 a
681 466 781 506 tutti
813 466 892 505 ohe
925 477 1126 514 ilengano
1156 477 1181 504 a
1210 465 1455 504 domandar
1488 465 1714 516 conseglio
1743 465 1900 505 d'altre

281 542 394 570 cose.
429 530 603 581 [Preces
626 533 829 582 postulat
859 533 897 570 et
919 529 1158 581 valedicit.]

387 595 439 634 Di
471 595 574 634 nola
603 595 634 634 il
663 595 706 635 di
737 603 755 621 a
775 596 800 633 4
829 595 873 633 (li
904 594 1094 645 germaio
1127 595 1243 634 1562.

388 660 437 700 D.
470 659 519 699 V.
553 660 603 700 R.
637 661 684 702 P.
716 659 1037 711 indegnissimo
1067 659 1113 699 in
1145 659 1256 710 Xpo.
1289 671 1431 700 seruo

1264 777 1470 817 FRANC.00
1500 789 1554 817 DE
1576 778 1750 818 GRANm
1782 780 1793 802 ¹

1051 1062 1137 1109 611

659 1224 712 1274 Ρ.
764 1223 1151 1274 GULIELMUS
1201 1224 1514 1274 ELDEREN

801 1384 990 1409 AUGUSTA
1019 1373 1042 1408 5
1073 1384 1259 1410 IANUARII
1297 1374 1383 1409 [5692
1408 1374 1433 1410 ².

285 1505 519 1544 Contiones
548 1506 601 1544 P.
637 1505 811 1544 Canisii
840 1506 1017 1555 fruyem
1046 1507 1095 1544 in
1125 1506 1217 1544 dies
1247 1506 1439 1545 reddunt
1475 1506 1751 1555 ampliorem,
1787 1506 1903 1544 unde

387 1571 615 1619 Augustae
644 1571 780 1620 facies
809 1571 984 1609 mutata
1013 1571 1202 1610 videtur.
1224 1571 1292 1609 Ad
1321 1571 1628 1620 indulgentias
1660 1571 1904 1609 lucrandas

387 1637 544 1685 ingens
584 1636 740 1685 populi
783 1648 1009 1683 accursus,
1041 1637 1080 1674 et
1104 1636 1308 1685 publicae
1351 1636 1714 1685 supplicationes.
1747 1635 1903 1675 Pluri-

387 1713 488 1739 mus
518 1713 566 1740 ae
595 1701 789 1750 frugifer
817 1713 929 1739 usus
957 1701 1359 1740 sacramentorum.
1396 1701 1608 1739 Usurarii
1641 1701 1900 1750 negotiatio-

387 1778 487 1804 nem
531 1767 704 1816 turpem
747 1766 984 1816 deponunt.
1036 1767 1276 1817 Virgineus
1318 1767 1465 1805 status
1511 1767 1723 1805 honorem
1769 1779 1903 1806 suum

388 1831 518 1880 vulgo
561 1831 845 1881 gyratiamque
888 1831 1132 1881 recuperat.
1165 1831 1390 1870 Haeretici
1427 1831 1478 1869 P.
1513 1830 1747 1870 Canisium
1775 1832 1814 1869 et
1844 1832 1903 1870 ie-

387 1896 533 1934 suitas
574 1896 868 1934 insectantur.
910 1897 1014 1934 Divi
1057 1896 1322 1946 Hieronymi
1365 1896 1658 1945 epistolarum
1701 1896 1834 1935 editio
1878 1908 1904 1934 a

387 1959 439 1998 P.
476 1960 655 1999 Canisio
686 1961 859 1999 curata.
895 1961 1098 2010 Aegrotis
1127 1960 1405 1999 subvenitur.

343 2210 362 2228 a
381 2201 463 2234 Del.
487 2202 518 2234 3.

345 2423 354 2440 ¹
378 2421 419 2453 In
445 2434 460 2449 «
488 2421 698 2462 Cathaloyo
721 2423 755 2453 et
778 2421 1060 2462 informatione
1084 2421 1126 2452 cli
1155 2421 1277 2461 quelli
1300 2421 1367 2453 elie
1395 2421 1540 2453 ninono
1566 2421 1608 2452 in
1640 2423 1773 2462 questo
1795 2421 1904 2453 eolle-

281 2474 346 2515 yio
362 2474 405 2506 di
427 2475 529 2507 Nola
553 2488 567 2502 »
595 2474 685 2507 haee
701 2475 832 2506 scribit
848 2474 980 2506 Rector
1003 2474 1071 2506 hoc
1094 2474 1175 2515 ipso
1198 2483 1296 2506 anno
1320 2475 1420 2506 1562:
1450 2486 1465 2502 «
1488 2474 1516 2506 ΙΙ
1542 2474 1577 2506 Ρ.
1604 2474 1750 2507 Fran.co
1766 2475 1903 2507 Grandi

282 2527 490 2560 d'Arimino
513 2528 672 2560 maestro
695 2528 791 2560 della
814 2527 972 2560 seconda
998 2527 1127 2565 classe,
1153 2527 1200 2559 ha
1230 2527 1452 2559 eominoiato
1479 2527 1703 2568 quest’anno
1730 2527 1774 2559 ad
1810 2528 1905 2560 inse-

283 2590 418 2622 gnare;
444 2580 529 2613 sara
554 2581 591 2613 di
616 2581 764 2613 intorno
788 2590 809 2612 a
831 2581 872 2612 30
894 2580 994 2612 anni.
1020 2580 1069 2611 Fa
1092 2580 1209 2621 pocho
1243 2581 1364 2621 tempo
1387 2580 1454 2612 che
1477 2581 1536 2612 sta
1559 2580 1656 2612 nella
1678 2580 1904 2621 Compagnia

282 2634 319 2666 et
342 2634 377 2666 lo
400 2634 601 2673 dimostra;
627 2634 676 2666 ha
699 2633 942 2665 inclinatione
976 2634 1028 2674 (et
1052 2642 1165 2674 penso
1199 2632 1317 2665 anche
1350 2633 1569 2673 attitudine)
1592 2642 1614 2665 a
1648 2642 1757 2674 pasar
1779 2633 1903 2665 inanzi

283 2687 370 2719 nelli
404 2687 521 2720 studii
545 2701 575 2720 ».
607 2687 692 2720 Cod.
727 2687 852 2719 Sicul.
876 2687 935 2723 59,
965 2688 988 2719 f.
1016 2687 1036 2718 6
1058 2687 1178 2728 (prius
1208 2687 1274 2727 94).
1301 2687 1351 2720 Cf.
1378 2687 1500 2728 Epist.
1527 2687 1569 2719 P.
1593 2687 1851 2723 Salneeronis,
1876 2687 1903 2726 Ι,

282 2741 354 2780 412,
378 2741 450 2780 481,
474 2741 546 2777 490,
571 2741 649 2780 553;
676 2740 719 2779 II,
744 2741 816 2773 749.
842 2740 882 2772 In
906 2740 984 2772 cod.
1010 2739 1117 2772 Hom,
1144 2740 1215 2771 169
1239 2741 1441 2772 annotatur
1462 2740 1544 2772 eius
1567 2740 1759 2781 ingressus
1782 2740 1820 2772 in
1843 2740 1905 2772 So-

283 2793 455 2826 cietatem
478 2794 538 2826 die
567 2794 604 2825 21
630 2793 855 2835 Septembris
881 2794 971 2825 1561.

343 2849 355 2866 ²
378 2847 508 2879 Exstat
530 2847 664 2888 origin.
690 2847 730 2879 in
753 2847 831 2879 cod.
861 2845 988 2878 Germ.
1014 2845 1097 2882 139,
1123 2846 1158 2878 ff.
1180 2847 1334 2883 109—110;
1361 2847 1464 2887 prius
1489 2847 1778 2887 115-116(32-33).
1798 2846 1904 2878 Edita

281 2901 337 2932 est
359 2899 434 2932 fere
457 2900 603 2941 integra
631 2900 729 2941 apud
764 2900 1080 2932 BRAUNSBERGER:
1108 2899 1149 2931 B.
1175 2899 1285 2931 Petri
1312 2899 1470 2931 Uanisii
1503 2899 1627 2940 Epist.
1654 2899 1714 2934 111,
1742 2900 1902 2938 602-604;

282 2953 354 2985 783.
379 2952 464 2985 Ideo
486 2962 566 2985 eam
590 2952 651 2985 hie
675 2953 917 2985 omittendam
940 2952 1129 2984 duximus,
