2028 3531
555 252 635 288 549.
663 269 706 276 -
734 251 876 288 EBORA
901 250 948 287 Qss
974 250 1161 287 AUGUSTI
1189 249 1275 285 1561
1620 250 1686 285 401

211 372 271 411 da
300 373 350 411 in
393 372 580 411 Indiam
604 372 893 423 profecturus
934 371 1129 409 Eboram
1172 382 1271 409 cuin
1314 371 1448 408 sociis
1477 370 1610 408 venit.
1646 370 1738 409 Alii

209 437 294 476 hac
338 437 642 476 adventantes.
675 459 724 464 -—
752 440 798 477 4.
829 436 1093 483 Humiliora
1136 435 1284 485 officia
1312 435 1600 473 vacationum
1631 435 1737 473 tem-

205 514 331 552 pore.
364 525 416 528 —
445 506 537 541 5-6.
585 502 802 542 Caritatis
843 513 979 552 opera
1020 513 1128 551 erga
1170 512 1345 539 carcere
1386 499 1599 546 inclusos,
1631 511 1737 548 erga

211 567 507 617 aegrotantes.
555 568 803 607 Contiones.
846 566 1076 605 Laborum
1117 565 1308 615 fractus.
1337 587 1389 591 —
1421 568 1461 603 ¹7.
1501 564 1740 603 Scholasti-

209 645 366 672 cornm
396 645 556 672 mores.
602 634 840 683 Profectus
867 634 917 671 in
946 632 1126 671 studiis.
1156 631 1431 679 Litterariae
1460 630 1738 669 eoeercitatio-

211 710 304 737 nes.
346 699 564 738 Praemia
607 699 785 747 collata.
830 698 1073 736 Examina.
1121 718 1170 723 —
1213 700 1255 735 8.
1294 695 1485 735 Aedium
1511 695 1735 745 perfectio.

209 764 397 803 Henrici
424 766 646 815 principis
675 764 989 803 benevolentia.

187 888 223 927 1.
256 888 285 938 ἦ·
315 887 455 927 Iesus.
480 887 739 927 Venerande
764 886 1005 926 admodum
1035 886 1083 926 in
1113 886 1190 925 X.0
1221 886 1292 925 Pr.
1316 885 1409 924 Pax
1438 883 1507 924 X}
1543 883 1654 924 Cum
1683 883 1739 928 ad

104 952 269 992 calcem
305 952 608 1004 proximarum
651 953 899 992 litterarum
934 952 990 991 ad
1019 954 1076 1000 te,
1108 950 1359 991 venerande
1402 950 1492 998 Pr„
1524 949 1739 1000 scriptum

105 1017 240 1060 fuerit
267 1025 301 1066 a,
333 1030 430 1058 esse
459 1018 675 1070 quosdam
706 1030 758 1057 ex
789 1017 969 1065 nostris,
1001 1017 1079 1068 qui
1108 1016 1356 1068 periculose
1398 1015 1679 1066 aegrotarent
1709 1016 1737 1061 1,

105 1094 350 1135 congruere
380 1083 574 1131 uidetur,
605 1085 664 1123 ut.
683 1083 756 1123 his
784 1082 946 1122 litteris
975 1082 1118 1133 primo
1152 1082 1206 1121 de
1234 1092 1388 1121 eorum
1431 1091 1639 1120 successu
1669 1091 1740 1118 ex-

104 1148 347 1200 plicemus3
381 1151 530 1200 postea
563 1160 669 1188 uero
699 1148 754 1188 ad
784 1148 872 1187 alia
895 1149 1189 1194 transeamus,
1213 1158 1326 1198 quae
1355 1157 1402 1185 se
1431 1145 1515 1185 hoc
1544 1146 1740 1195 tempore

104 1215 208 1254 tuae
238 1213 286 1254 P.
320 1214 555 1254 scribenda
583 1214 791 1254 offerunt.
814 1213 941 1253 Vnus
961 1215 1055 1253 erat
1074 1225 1127 1252 ex
1147 1211 1342 1264 aegrotis
1366 1211 1618 1251 Matthaeus
1647 1222 1741 1261 ger-

107 1291 284 1328 manus,
316 1280 393 1331 qui
423 1291 523 1319 cum
553 1280 720 1327 decem,
752 1281 829 1319 aut
859 1281 958 1319 octo
987 1278 1159 1319 dierum
1203 1277 1364 1329 spatio,
1397 1288 1607 1328 magnam
1640 1287 1741 1315 san-

105 1344 257 1400 guinis
277 1345 450 1396 copiam
471 1345 760 1393 euomuisset‚
778 1344 976 1396 grauiter
995 1343 1260 1395 aliquandiu
1276 1341 1512 1383 laborauit.
1530 1340 1741 1381 Reualuit

104 1412 255 1450 tamen
284 1410 363 1450 X.0
398 1411 556 1462 gratia,
588 1412 630 1450 et
659 1411 746 1450 iam
779 1410 910 1461 plane
952 1410 1243 1449 confirmatus
1271 1410 1351 1449 est.
1382 1407 1514 1455 Alius
1543 1408 1637 1446 erat
1668 1406 1737 1446 Pr.

105 1475 157 1515 D.
190 1475 478 1524 Franciscus;
510 1476 584 1516 hic
613 1475 746 1515 etiam
778 1475 865 1515 iam
897 1475 1067 1527 pridem
1098 1473 1364 1526 sanguinem
1393 1473 1668 1519 euomuerat,
1700 1472 1742 1511 et

105 1541 304 1581 calculos
332 1541 466 1581 etiam
495 1541 714 1593 quosdam
745 1541 876 1581 initio
914 1540 1052 1581 huius
1094 1539 1279 1580 extremi
1322 1539 1481 1586 morbi,
1513 1550 1566 1578 ex
1595 1536 1740 1577 tenaci

106 1619 346 1659 crassaque
389 1607 550 1659 pituita
585 1607 631 1647 ui
661 1607 824 1647 caloris
854 1607 900 1646 in
930 1605 949 1633 b
985 1606 1195 1658 pulmone
1233 1606 1478 1648 concretos.
1509 1615 1585 1643 ore
1613 1602 1741 1642 emit-

105 1672 240 1712 tebat.
274 1672 428 1712 Visum
461 1675 527 1713 est
556 1672 713 1712 diuino
739 1672 915 1712 numini
936 1683 1036 1712 eum
1067 1683 1120 1711 ex
1149 1670 1287 1711 huius
1315 1669 1514 1720 corporis
1545 1667 1741 1713 uinculis

105 1738 161 1778 ad
190 1738 423 1778 caelestem
445 1738 634 1790 patriam
656 1750 842 1778 euocare
871 1750 922 1777 ea
951 1739 1094 1786 nocte,
1116 1748 1231 1788 quae
1251 1733 1523 1776 sacrosancti
1554 1732 1623 1774 Χ.ἰ
1650 1745 1742 1773 cor-

105 1803 226 1855 poris
256 1803 417 1843 festum
447 1803 647 1855 proxime
676 1805 828 1844 secuta
856 1805 923 1843 est
950 1804 981 1852 2,
1004 1815 1106 1843 cum
1136 1804 1224 1842 tres
1253 1812 1444 1849 menses,
1476 1802 1518 1840 et
1547 1798 1742 1850 amplius

108 1869 281 1920 magnis
310 1869 541 1909 laboribus
583 1869 903 1920 doloribusque
945 1868 1226 1921 conflictatus
1255 1869 1385 1913 esset,
1417 1865 1584 1917 quibus
1613 1864 1741 1904 illum

106 1935 226 1975 Deus
247 1934 328 1986 Op.
353 1935 408 1975 M.
428 1935 761 1986 aliquantulum
785 1934 936 1975 uexari
957 1933 1119 1982 uoluit,
1152 1936 1365 1983 tanquam
1386 1931 1530 1972 filium
1550 1929 1743 1970 dilectis·

105 2000 286 2048 simum,
317 2003 360 2040 et
402 2001 595 2040 aeternis
640 2000 850 2052 praemiJ‘s
892 1999 1094 2051 egregias
1141 1999 1239 2039 eius
1281 1997 1472 2037 uirtutes
1514 1995 1741 2047 copiosius

108 2078 414 2110 remunerare:
463 2066 807 2106 renunciauerat
836 2066 956 2106 enim
999 2065 1072 2105 hic
1101 2065 1234 2116 plane
1263 2063 1474 2103 omnibus
1502 2062 1636 2101 rebus
1665 2061 1744 2100 hu-

107 2132 254 2172 manis
288 2139 318 2180 0,
346 2134 479 2183 atque
509 2131 646 2171 huius
689 2131 808 2171 uitae
837 2131 1028 2171 uanitati
1072 2142 1183 2182 pene
1212 2131 1417 2169 mortuus
1445 2129 1489 2167 et
1520 2126 1740 2178 sepultus,

106 2197 221 2242 nihil
250 2200 423 2248 praeter
451 2197 531 2237 Dei
561 2197 750 2249 gloriam
779 2199 822 2237 et
855 2197 1071 2237 honorem
1101 2195 1357 2247 quaerebat,
1381 2194 1502 2234 hunc
1531 2192 1617 2232 sibi
1648 2203 1743 2231 sco-

105 2275 212 2314 pum
255 2263 302 2303 in
335 2263 546 2303 omnibus
587 2263 707 2303 uitae
749 2262 1004 2302 actionibus
1047 2264 1352 2314 proposuerat,
1384 2270 1556 2310 suoque
1600 2268 1743 2297 exem-

108 2329 183 2380 plo
228 2329 386 2368 fratres
415 2329 471 2368 ad
500 2340 635 2379 quam
679 2327 1047 2379 perfectissimam
1089 2327 1224 2378 offici]
1269 2325 1486 2365 rationem
1531 2323 1744 2363 incitaue-

110 2396 193 2434 rat.
226 2394 330 2434 Erat
373 2394 492 2434 enim
522 2393 600 2433 ille
630 2394 762 2433 nobis
805 2393 1031 2441 omnibus,
1063 2395 1157 2433 tum
1201 2403 1355 2439 5311115,
1395 2393 1487 2433 tum
1519 2390 1742 2440 aegrotus,

110 2460 268 2500 uiuum
311 2460 536 2511 quoddam
565 2458 582 2485 d
613 2459 839 2510 exemplar
880 2459 1082 2499 omnium
1125 2458 1360 2505 uirtutum,
1402 2455 1593 2496 maxime
1636 2464 1742 2493 uero

110 2525 390 2565 obedientiae
419 2527 461 2565 et
490 2525 747 2576 patientiae,
779 2525 944 2576 quibus
974 2526 1285 2575 praeterquam
1315 2522 1434 2573 quod
1464 2523 1659 2561 caeteros
1688 2518 1743 2557 ad

108 2591 405 2630 imitationem
435 2590 756 2639 inflammabat,
788 2601 944 2630 omnes
972 2591 1106 2630 etiam
1137 2601 1216 2641 pro
1259 2591 1349 2628 tam
1393 2586 1570 2636 eximijs
1600 2584 1743 2624 uirtu-

110 2656 231 2696 tibus
261 2657 317 2696 ad
347 2656 622 2696 immortales
651 2656 818 2708 gratias
847 2656 939 2696 Deo
968 2655 1165 2707 agendas
1208 2653 1479 2705 impellebat.
1512 2650 1743 2691 Caeterum

173 2825 191 2843 a
211 2816 375 2849 Emend.
400 2826 448 2849 ea·
469 2816 554 2849 fuit.
579 2835 618 2839 —
641 2816 661 2843 b
681 2817 720 2848 in
744 2815 870 2858 supra
894 2825 998 2849 vers.
1022 2835 1062 2839 —
1085 2825 1100 2843 e
1126 2815 1294 2848 Videtur
1326 2813 1475 2847 emend.
1500 2822 1548 2845 ea·
1574 2810 1746 2844 humani—

114 2870 196 2902 bus.
221 2889 261 2892 —
283 2870 302 2897 d
330 2869 457 2902 L'nuin
483 2870 506 2902 d
527 2879 655 2911 supra
685 2879 788 2903 vers.

173 3008 183 3025 ²
206 3005 299 3038 Vide
322 3015 357 3047 p.
381 3006 454 3038 237.

172 3062 186 3079 ²
209 3059 317 3092 Anno
342 3060 420 3091 1561
445 3059 633 3091 festivitas
657 3058 830 3101 Corporis
854 3058 995 3092 Christi
1020 3058 1151 3091 incidit
1177 3059 1216 3090 in
1240 3058 1274 3090 d.
1299 3058 1318 3089 5
1341 3056 1452 3089 Iunii.

181 3147 345 3175 mermn
367 3147 645 3182 QnAnnnms‘mEs.
666 3163 701 3167 —
720 3147 801 3175 Tou.
823 3147 891 3175 VII.
1640 3144 1674 3171 20·
