2028 3531
252 281 322 313 sii)

256 397 351 432 tatis
381 394 566 431 habeant,
592 392 679 434 ‹531;
707 391 835 431 multi,
866 389 981 425 scho-

257 454 384 489 lastici
412 451 658 498 praesertim,
677 449 881 485 exercitiis
901 448 980 493 spi-

255 512 441 548 ritalibus
462 512 617 545 vacant.
635 509 715 547 ⁴227,
733 508 820 544 6334:
845 518 980 553 preces

255 572 302 607 ad
356 570 532 616 pluviam
576 567 850 608 obtinendam,
892 566 979 602 635:

254 630 467 666 contiones
509 626 749 663 ordinariae..
789 625 877 667 4⁴2&
915 635 980 659 ac-

255 699 397 725 cursus
436 686 487 721 ad
525 688 776 721 sacramenta
818 683 982 719 iubilaei

253 759 384 785 cansa,
412 746 499 789 227;
527 756 644 781 casus
676 744 907 790 implicatus
933 743 981 778 de

257 808 403 843 clerico
429 805 659 849 coniugato,
679 804 766 841 4250:
791 812 987 848 pauperes

256 869 459 905 iuvantur,
484 864 660 903 430-431:
682 862 803 897 vincti
835 862 874 896 in
902 871 985 896 ear-

255 937 342 962 cere
364 924 608 964 invisuntur,
626 922 714 960 2027:
735 921 873 966 eisque
893 920 985 954 doc-

259 985 366 1021 trina
392 982 615 1018 christiana
643 980 873 1026 exponitur,
899 978 986 1020 63&

258 1042 503 1080 nosocomia,
522 1040 609 1082 4303
629 1039 780 1085 aegroti
807 1037 986 1084 pestiferi

260 1103 453 1138 curantur
480 1110 503 1134 a
529 1098 692 1140 nostris,
713 1097 892 1135 635-6336:
911 1096 991 1131 dis-

261 1162 365 1198 sidia
387 1160 697 1205 componuntur,
716 1157 887 1196 2227-2028,
907 1155 991 1191 4029-

260 1221 339 1261 430,
365 1219 445 1259 634,
474 1217 559 1261 6353
593 1216 771 1262 episcopi
813 1214 989 1250 vicarius

259 1280 426 1316 clericos
463 1275 669 1312 exercitiis
707 1273 990 1320 spiritualibus

259 1339 458 1384 corrigere
486 1334 674 1375 intendit,
691 1333 772 1374 0228,
790 1333 877 1373 633,
898 1343 921 1367 a
935 1334 992 1367 vi-

261 1398 369 1435 cario
389 1395 566 1442 episcopi
587 1396 627 1428 et
653 1396 806 1428 rectore
833 1391 992 1437 collegii

262 1460 427 1493 curatur
473 1458 516 1490 ut
562 1453 695 1488 clerici
752 1452 793 1487 in
844 1451 991 1486 doctri-

263 1527 313 1552 na
340 1514 564 1551 christiana
594 1513 863 1551 instruantur,
903 1509 990 1549 633:

262 1575 394 1621 episc,
438 1584 471 1608 v.
515 1570 712 1607 Gonzalez
751 1569 798 1605 de
831 1568 993 1604 Mendo-

265 1645 320 1673 za,
352 1633 512 1674 Petrus;
545 1629 633 1666 coll.
665 1632 806 1671 rector,
835 1639 869 1663 v.
898 1627 994 1662 Her-

265 1692 431 1733 nandez,
459 1689 808 1725 Bartholomaeus.

221 1751 444 1792 Salmerc'm,
471 1748 677 1787 Alfonsus,
707 1748 744 1782 S.
772 1746 813 1787 I.,
840 1745 1000 1792 provin-

265 1813 350 1847 ciae
393 1808 679 1854 neapolitanae
727 1804 995 1852 praepositus,

263 1870 344 1910 02702,
370 1869 450 1910 349,
467 1867 554 1909 5423
574 1877 643 1913 per
670 1868 797 1901 totam
825 1863 994 1911 quadra-

266 1929 459 1975 gesimam
506 1925 672 1962 cottidie
723 1924 996 1963 contionatur,

266 1988 353 2030 350,
380 1987 495 2032 epist.
536 1985 608 2020 Sti.
640 1984 806 2019 Ioannis
846 1982 995 2029 populo

268 2046 447 2093 exponit,
475 2044 554 2086 110,
579 2043 667 2085 543;
695 2042 889 2077 nolanum
920 2040 999 2076 col-

268 2105 418 2151 legium
446 2104 599 2144 visitat,
626 2102 763 2148 ibique
790 2100 1001 2136 contiona-

273 2169 349 2206 tur,
379 2163 460 2203 478:
486 2162 653 2198 Romam
683 2160 860 2196 vicarius
886 2169 1003 2205 gene-

271 2223 369 2258 ralis
389 2221 606 2258 Societatis
625 2218 906 2266 proficiscitur,
921 2217 1001 2259 551,

272 2282 358 2324 760;
377 2292 400 2316 a
418 2290 585 2327 prorege
600 2278 736 2324 magni
752 2277 808 2319 fit,
832 2276 1002 2319 355-356,

269 2340 358 2384 533;
384 2339 476 2375 falsi
513 2348 693 2374 rumores
733 2339 877 2372 contra
915 2346 1005 2371 eum

273 2401 520 2446 sparguntur
559 2396 741 2443 Neapoli,
783 2395 874 2439 7343
917 2393 1000 2440 epi-

272 2458 381 2494 stula
407 2457 457 2493 ad
484 2467 575 2492 eum
601 2456 710 2497 data,
735 2454 821 2497 3733

229 2518 478 2554 Saltationes
504 2515 793 2562 impediuntur,
818 2513 875 2549 54.

228 2577 428 2617 Salvator,
455 2575 492 2612 S.
520 2575 561 2617 I.,
587 2585 622 2610 v.
648 2573 830 2619 Vagune.

232 2635 411 2676 Salzedo,
437 2634 569 2670 Eneeo
595 2633 655 2675 de,
679 2632 921 2668 Societatem
949 2630 1007 2665 in-

277 2694 468 2741 greditur,
493 2691 666 2728 584-585.

235 2752 486 2798 Samaniego,
538 2750 720 2792 Iacobus,
764 2749 1008 2785 Societatem

278 2811 517 2857 ingreditur,
541 2810 621 2845 631.

234 2870 421 2911 Samano,
447 2869 642 2905 Alfonsus
669 2868 728 2914 (Εἰ),
754 2867 834 2903 376.

236 2928 465 2974 Samugheo
491 2928 763 2974 (Samogueo)‚
781 2936 885 2973 quae
912 2924 966 2960 ibi
987 2934 1011 2960 a

284 2987 323 3023 P.
351 2987 493 3023 Passiu
521 2986 714 3022 ordinata
739 2985 835 3026 sint,
861 2983 940 3020 759.

727 274 930 309 Lir'rfflmss
964 272 1308 316 QUADRlMESTRES

1056 388 1246 429 Sam-hez,
1274 387 1471 433 Baptista,
1499 387 1535 422 S.
1559 387 1595 427 l.,
1622 387 1830 422 contiona-

1103 450 1166 482 tur
1194 446 1407 483 Granatae.
1433 446 1513 480 211.

1056 527 1096 531 —
1126 505 1341 549 (Sanchis),
1368 505 1534 550 (jaspar,
1559 504 1595 539 S.
1619 503 1656 543 Ι..
1675 504 1831 539 contio-

1104 567 1222 599 natur
1253 564 1291 598 in
1322 562 1454 598 Monte
1483 563 1621 608 regali,
1648 562 1726 597 739.

1060 643 1100 648 —
1132 623 1284 662 Petrus,
1324 622 1360 657 S.
1390 621 1429 663 l.,
1456 621 1703 665 theologiam
1745 620 1832 656 x'al-
1852 609 1861 617 ’

1108 680 1256 716 lisoleti
1283 681 1411 721 docet,
1437 680 1493 721 58,
1519 680 1598 719 0375,
1626 680 1704 715 713.

1056 741 1206 777 Sancta
1232 741 1344 779 Cruz,
1375 740 1557 781 loannes,
1585 740 1621 775 S.
1650 739 1693 779 Ι..
1727 739 1782 774 -23,

1062 800 1211 836 Sancto
1240 799 1416 839 Vicente,
1442 799 1521 834 566.

1060 858 1275 900 Sandizell,
1303 857 1520 893 Mauricius
1547 868 1582 898 a,
1609 858 1730 903 episc.
1767 857 1833 892 fri-

1108 917 1322 963 singensis,
1342 916 1491 951 nostris
1509 915 1742 957 benevolus,
1756 915 1835 950 0258.

1063 978 1143 1012 San
1173 976 1280 1015 Fins,
1307 976 1387 1011 0291.

1065 1035 1307 1081 Sangrador,
1342 1034 1546 1075 Matthias,
1584 1034 1733 1079 script..
1759 1033 1838 1074 711,

1111 1094 1190 1130 713.

1068 1154 1148 1190 San
1175 1153 1276 1189 ‚Joan
1305 1153 1352 1188 de
1382 1152 1613 1198 Bienspera,
1639 1152 1719 1187 291.

1066 1213 1146 1248 San
1173 1212 1322 1253 Julian,
1350 1211 1546 1258 Iosephus
1571 1210 1630 1253 de,
1659 1210 1838 1246 Societa-

1113 1275 1191 1307 tem
1219 1271 1456 1317 ingreditur,
1483 1270 1562 1305 4026.

1068 1331 1149 1366 San
1177 1330 1324 1365 Martin
1350 1329 1413 1364 del
1441 1328 1648 1370 Castafiar,
1674 1328 1754 1364 540.

1070 1390 1151 1426 San
1187 1388 1371 1425 Martino.
1400 1387 1530 1429 vallis,
1561 1390 1842 1432 procuratores

1115 1448 1312 1484 haeresim
1333 1447 1536 1488 abiurant,
1554 1447 1611 1482 41.

1068 1507 1350 1547 Sanseverino,
1377 1505 1609 1547 Catharina,
1635 1504 1844 1551 sequentis

1115 1577 1240 1607 soror,
1257 1565 1405 1601 nolano
1432 1564 1604 1610 collegio
1628 1564 1845 1609 eleemosy-

1119 1636 1212 1660 nam
1238 1624 1404 1665 confert,
1430 1623 1486 1659 89.

1069 1706 1111 1710 —
1140 1684 1276 1725 Maria,
1303 1683 1512 1718 comitissa
1536 1682 1585 1717 de
1613 1681 1726 1721 Nola,
1753 1680 1842 1716 coll.

1121 1743 1261 1779 nolani
1291 1742 1497 1777 fundatrix
1525 1744 1565 1776 et
1591 1751 1685 1776 vera
1708 1743 1847 1781 mater,

1116 1803 1173 1844 89,
1199 1802 1280 1843 0272,
1305 1802 1385 1838 699.

1072 1861 1199 1898 Santa
1213 1861 1347 1901 Croce,
1363 1860 1542 1906 Prosper,
1560 1860 1718 1905 legatus
1734 1858 1847 1894 Sum-

1118 1921 1171 1956 mi
1200 1919 1409 1955 Pontilicis
1440 1919 1481 1954 in
1510 1918 1735 1959 Lusitania,
1759 1916 1847 1957 618:

1118 1979 1415 2016 Conimbricam
1444 1978 1566 2019 venit,
1592 1979 1633 2012 et
1662 1976 1711 2012 ab
1733 1976 1849 2012 scho-

1122 2038 1277 2074 lasticis
1305 2037 1448 2072 festive
1479 2036 1693 2082 excipitur,
1718 2035 1799 2070 4402.

1075 2098 1203 2134 Santa
1229 2096 1328 2133 Cruz
1355 2096 1403 2131 de
1430 2095 1469 2131 la
1496 2095 1631 2135 Zarza,
1655 2094 1737 2130 425.

1078 2156 1315 2197 Santander,
1345 2154 1586 2195 Ludovicus,
1605 2153 1643 2190 S.
1662 2153 1702 2195 I.,
1720 2155 1850 2188 rector

1123 2215 1263 2261 colleg.
1283 2213 1546 2260 segoviensis,
1562 2212 1643 2254 381,
1657 2212 1744 2255 385;
1759 2222 1852 2246 con-

1123 2274 1306 2310 tionatur
1333 2274 1375 2308 in
1393 2271 1616 2308 cathedrali
1643 2270 1852 2317 segovien-

1126 2333 1227 2373 si,et
1254 2332 1295 2367 in
1322 2331 1415 2367 aliis
1443 2330 1604 2376 templis
1634 2329 1758 2370 urbis,
1774 2328 1852 2369 134,

1123 2391 1203 2427 383.

1080 2451 1288 2495 Santiago,
1314 2460 1421 2496 opp.,
1445 2447 1526 2491 555,
1552 2446 1639 2491 7903
1666 2445 1792 2481 vincti
1810 2444 1851 2479 in

1125 2519 1282 2546 carcere
1310 2509 1515 2549 iuvantur,
1538 2505 1616 2541 791.

1079 2568 1334 2609 Santivafiez,
1347 2567 1521 2602 loannes
1534 2565 1594 2607 de,
1606 2563 1643 2600 S.
1656 2563 1695 2606 1.‚
1706 2563 1854 2609 script„

1130 2627 1213 2668 169,
1233 2626 1313 2662 413.

1079 2686 1161 2722 San
1206 2685 1438 2726 Valentino,
1480 2693 1613 2719 comes
1662 2681 1722 2723 de,
1762 2679 1854 2722 27Q

1128 2744 1350 2781 christiane
1391 2742 1574 2785 moritur,
1610 2739 1696 2783 698;
1730 2739 1854 2775 comi-

1128 2804 1231 2840 tissa
1256 2802 1316 2844 de,
1341 2802 1398 2845 90,
1423 2800 1503 2837 698.

1083 2863 1165 2899 San
1176 2861 1324 2897 Victori
1332 2861 1395 2903 an,
1405 2858 1697 2896 monasterium
1707 2857 1750 2894 O.
1759 2856 1856 2899 S.B.,

1131 2920 1305 2963 794-2753
1333 2919 1469 2963 abbas,
1488 2930 1523 2955 v.
1544 2918 1696 2959 Pomar,
1717 2915 1857 2952 Ioann.

1086 2979 1288 3021 Saraceni,
1315 2978 1521 3019 Geraldus,
1548 2977 1643 3019 dux,
1669 2974 1747 3011 152.
