2028 3531
545 267 627 304 478.
657 289 703 293 —
729 267 949 304 Omswom:
979 268 1021 302 16
1048 267 1241 303 IANUARII
1270 268 1357 303 1561
1677 271 1722 305 97

134 385 260 430 biles,
292 387 335 425 et
364 386 499 425 fortes
530 387 630 426 facti
663 389 767 427 sunt
798 386 843 426 in
874 386 991 426 bello
1034 398 1057 425 a
1103 386 1318 428 Domino:
1355 386 1540 437 aegroti.
1587 390 1625 426 et
1671 390 1769 428 sani

134 450 238 490 facti
269 452 397 498 sunt;
430 454 555 491 erant
586 452 790 499 subiecti,
821 454 864 491 et
894 451 1021 491 liberi
1053 451 1155 492 facti
1191 454 1319 492 sunt:
1352 453 1392 491 et
1424 453 1548 491 tanto
1593 452 1769 493 liberio-

130 527 216 561 res,
247 528 337 567 quo
367 516 511 568 magis
540 529 587 557 se
616 517 919 568 subijecerunt
949 528 1027 568 pro
1057 516 1163 556 Deo.
1196 516 1323 556 Nunc
1352 517 1643 568 experiuntur
1662 519 1769 569 quid

130 581 203 628 sit,
235 581 312 633 qui
342 593 389 621 se
419 582 644 627 humiliat,
676 581 968 629 exaltabitur,
1015 594 1135 622 nunc
1178 582 1452 633 intelligunt,
1488 594 1622 634 quam
1654 584 1767 633 beatj

130 646 221 686 sint
251 658 468 698 pauperes
497 647 674 698 spiritu,
706 647 887 698 quando
917 647 1097 688 illorum
1119 650 1185 687 est
1206 659 1391 699 regnum
1418 648 1658 691 coelorum.
1682 661 1771 700 quo

130 712 262 752 modo
292 712 517 752 fruuntur.
552 712 678 752 Nunc
707 725 798 752 non
827 712 957 764 quasi
988 712 1034 752 in
1064 713 1209 764 specie
1252 715 1329 753 aut
1372 713 1623 764 aenigmate
1652 714 1770 764 aspi-

128 777 254 817 ciunt
282 779 450 829 quanta
481 778 537 817 sit
569 778 727 830 gloria,
751 780 970 830 quantum
1002 778 1192 829 pondus,
1216 778 1360 818 honor
1388 780 1431 818 et
1459 778 1646 818 diuitiae
1671 779 1771 819 obe-

128 842 347 890 dientiae;
380 855 500 883 nunc
531 843 819 894 perspiciunt,
851 843 959 895 quid
989 843 1048 883 sit
1076 843 1256 883 obedire
1298 845 1339 883 et
1382 855 1474 883 non
1504 843 1767 883 sacrificare.

130 908 417 948 Benedictum
461 908 519 948 sit
562 920 724 948 nomen
767 911 910 955 tuum,
943 908 1146 956 Domine,
1178 909 1256 960 qui
1300 908 1570 960 praeuenistj
1608 921 1685 949 eos
1724 909 1770 949 in

129 973 438 1013 benedictione
467 974 718 1014 dulcedinis
749 976 865 1021 tuae,
897 973 974 1026 qui
1005 974 1325 1014 laborauerunt
1355 986 1434 1025 pro
1464 974 1646 1013 nomine
1676 976 1767 1014 tuo.

127 1038 260 1089 Quid,
293 1039 496 1083 Domine,
529 1039 655 1090 prius
683 1051 818 1091 quam
849 1039 1080 1091 perficiant
1113 1051 1227 1091 opus
1261 1052 1393 1080 suum
1437 1039 1645 1091 operarij,
1682 1040 1769 1079 sol-

130 1104 202 1144 uis
231 1105 510 1144 mercedem?
541 1105 860 1145 Existimarant
889 1105 951 1155 hj,
981 1105 1185 1152 Domine,
1217 1106 1408 1146 multum
1443 1105 1590 1145 adhuc
1619 1117 1772 1156 super-

126 1181 223 1210 esse
253 1170 339 1210 sibi
371 1171 599 1222 temporis,
622 1182 711 1222 quo
741 1171 787 1210 in
818 1171 951 1211 uinea
982 1173 1058 1211 tua
1088 1171 1368 1219 laborarent;
1401 1171 1525 1222 quid,
1563 1170 1767 1218 Domine,

127 1235 175 1275 in
205 1235 390 1276 meridie
420 1235 672 1276 inuentutis
700 1248 853 1276 eorum
884 1236 1056 1276 uocasti
1087 1248 1178 1284 eos,
1203 1239 1251 1276 ut
1282 1236 1510 1276 solueres?
1540 1235 1768 1287 Nunquid,

127 1301 330 1349 Domine,
365 1301 485 1352 quod
520 1301 670 1341 animo
713 1301 968 1342 deciderent
1010 1302 1056 1342 in
1101 1302 1364 1342 laboribus?
1394 1301 1607 1353 Nunquid
1650 1301 1769 1353 quod

125 1367 380 1407 abundares
408 1367 654 1418 operariis?
685 1366 899 1419 Nunquid
920 1367 1039 1419 quod
1061 1370 1210 1408 essent
1230 1379 1392 1419 graues
1411 1367 1508 1407 suis
1528 1366 1770 1406 fratribus?

126 1431 259 1482 Quid,
291 1444 410 1484 ergo,
444 1432 664 1472 Domine?
693 1432 807 1483 Quia
838 1433 1087 1484 consumatj
1134 1433 1181 1473 in
1226 1432 1352 1473 breui
1395 1433 1631 1484 explerunt
1660 1433 1770 1471 tem·

127 1509 234 1549 pora
263 1498 428 1546 multa;
461 1498 650 1550 placitae
679 1498 798 1538 enim
828 1500 955 1538 erant
984 1498 1095 1538 mihi
1125 1498 1302 1538 animae
1331 1498 1512 1538 illorum
1543 1500 1571 1539 ¹.

204 1564 242 1604 ὃ.
274 1563 546 1603 Exercentur
575 1564 733 1604 fratres
762 1563 947 1614 nouicij,
971 1566 1021 1604 ut
1050 1564 1211 1615 reliqui
1235 1576 1406 1611 omnes,
1430 1563 1476 1603 in
1497 1562 1767 1609 obedientia,

125 1629 428 1670 submissione
458 1628 617 1680 animj,
640 1629 856 1677 oratione,
880 1629 1183 1681 poenitentijS,
1207 1632 1256 1670 ut
1275 1641 1375 1670 cum.
1407 1628 1574 1669 uostris
1595 1629 1767 1680 loquar,

125 1694 564 1743 mortificationibus,
597 1696 693 1735 tum
723 1694 768 1734 in
800 1694 1054 1746 disciplinis
1074 1695 1268 1746 publicis
1298 1695 1343 1735 in
1374 1694 1650 1737 coenatione,
1674 1695 1768 1734 tum

127 1759 498 1811 particularibus;
531 1760 840 1800 conceduntur
869 1771 1179 1812 nonunquam,
1211 1772 1505 1812 nonunquam
1539 1759 1672 1799 etiam
1708 1759 1770 1799 ita

125 1827 351 1877 petuntur,
384 1827 432 1865 ut
462 1837 593 1877 saepe
614 1825 916 1865 necessarium
946 1825 1005 1865 sit
1034 1825 1241 1866 ministro
1262 1826 1456 1878 effugere
1486 1828 1527 1865 et
1556 1825 1766 1870 latebras,

123 1903 179 1931 ne
208 1890 482 1939 inueniatur,
515 1891 767 1942 exquirere,
801 1893 894 1931 tum
925 1891 1039 1931 aliae
1069 1894 1249 1943 propter
1278 1892 1533 1943 regularum
1559 1891 1770 1930 obserua-

123 1956 269 1996 tiones
298 1956 575 2003 tribuuntur,
599 1956 645 1996 in
675 1969 764 2008 quo
794 1968 885 1996 non
913 1957 1158 1997 mediocres
1178 1957 1350 1998 fructus
1370 1959 1520 2008 aperte
1541 1956 1764 1996 uidentur.

124 2021 341 2062 Nonnulli
371 2022 643 2062 comitantur
671 2023 1001 2071 obsonatorem,
1034 2025 1083 2062 ut
1118 2023 1307 2063 obsonia
1349 2023 1531 2063 domum
1577 2021 1769 2061 referant

124 2086 233 2138 ipsi3
267 2087 331 2127 sic
361 2089 635 2135 exercentur,
668 2090 716 2128 ut
759 2088 806 2127 in
849 2088 944 2128 dies
988 2088 1097 2128 fiant
1141 2088 1370 2136 fortiores;
1403 2087 1605 2139 plerique
1648 2086 1767 2126 enim

123 2155 230 2192 sunt
258 2164 311 2192 ex
341 2153 424 2192 hac
463 2153 574 2193 urbe
617 2153 813 2200 oriundi,
845 2153 939 2193 noti
960 2161 978 2180 a
1010 2153 1286 2204 parentibus,
1318 2153 1547 2201 fratribus,
1579 2163 1767 2192 consan-

122 2218 300 2270 guineis
329 2220 371 2258 et
400 2218 580 2267 amicis;
615 2219 730 2258 vnde
759 2221 802 2258 et
831 2219 917 2258 sibi
943 2218 1083 2258 animi
1115 2219 1366 2259 libertatem
1387 2220 1701 2263 consecuntur,
1725 2219 1765 2256 et

123 2284 309 2335 reliquis
338 2284 505 2335 quibus
548 2284 643 2324 noti
689 2284 1031 2324 admirationem
1074 2286 1117 2324 et
1160 2285 1441 2325 occasionem
1479 2284 1570 2324 Deo
1600 2282 1767 2334 gratias

122 2349 283 2401 agendi
328 2350 563 2401 praebent;
596 2350 714 2390 etin
745 2350 1005 2390 huiusmodi
1050 2350 1275 2402 exercitiis
1317 2350 1481 2391 mirum
1524 2352 1590 2389 est
1632 2359 1766 2400 quam

122 2414 367 2455 liberaliter
396 2415 515 2455 Deus
547 2415 646 2467 Opt.
680 2416 793 2456 Max.
825 2415 1013 2467 gratiam
1057 2427 1185 2455 suam
1230 2416 1462 2458 infundat:
1509 2416 1766 2467 proponunt

122 2480 209 2520 sibi
239 2474 431 2528 labores,
463 2481 754 2532 ignominias,
785 2481 1074 2521 confusiones
1103 2493 1183 2532 pro
1210 2481 1375 2522 Christi
1405 2493 1578 2528 amore;
1612 2481 1766 2531 petunt

122 2545 208 2585 sibi
239 2545 421 2586 concedi
461 2546 718 2586 facultatem
765 2546 980 2598 propositj
1027 2546 1309 2597 perficiendi;
1343 2546 1552 2587 nonnulli
1583 2544 1766 2596 perigri-

123 2613 277 2652 natum
310 2612 435 2651 missi
465 2614 586 2659 sunt,
618 2624 808 2664 quorum
840 2624 1075 2652 successus
1104 2613 1290 2664 longum
1320 2616 1435 2653 esset
1465 2624 1660 2653 narrare.

201 2678 241 2717 6.
276 2677 547 2718 Exercentur
575 2678 827 2718 sacerdotes
856 2678 993 2718 huius
1023 2678 1183 2718 domus
1203 2678 1397 2718 diuersis
1428 2679 1473 2718 in
1506 2680 1652 2727 rebus,
1676 2692 1767 2720 non

122 2744 271 2782 tamen
301 2742 495 2782 diuersis
524 2743 581 2782 ab
610 2742 668 2793 iJ's
696 2755 808 2794 quas
852 2743 963 2783 solet
1008 2744 1215 2794 amplecti
1256 2746 1409 2783 nostra
1440 2744 1651 2786 Societas
1692 2746 1767 2786 Est

183 2898 202 2917 a
222 2890 303 2922 nati
328 2899 400 2923 ms.

187 3016 198 3035 ²
221 3014 377 3048 Gratum
402 3024 470 3047 nos
493 3015 623 3047 lectori
646 3014 810 3047 facturos
833 3016 1065 3056 putavimus.
1091 3016 1122 3048 si
1148 3025 1169 3048 a
1192 3016 1370 3048 notandis
1402 3017 1459 3049 tot
1489 3016 1623 3050 Sacrae
1647 3017 1766 3059 Scrip-

124 3069 231 3101 turae
254 3068 346 3101 locis
370 3068 417 3101 ad
441 3077 535 3110 quos
560 3068 599 3100 in
624 3068 933 3110 praecedentibus
957 3068 996 3101 fit
1021 3069 1168 3102 allusio.
1194 3068 1480 3102 abstineremus.

192 3158 358 3186 memm:
379 3158 659 3192 anmmsssmss.
681 3173 714 3177 —
734 3157 815 3184 Tou.
837 3156 904 3184 VII.
