2028 3531
495 293 574 330 492.
602 315 645 318 —
673 292 880 328 'Panvssflis
910 292 952 326 16
980 290 1208 326 FEBRUARH
1243 290 1326 325 [5⁴31
1629 290 1692 325 1623

105 414 384 461 continebat;
416 425 530 465 quae
559 424 715 453 omnes
743 423 843 452 cum
889 413 1011 451 tanta
1045 409 1367 460 compositione
1397 408 1488 447 oris
1517 410 1555 447 et
1592 408 1741 447 vultus

106 479 419 530 pronuntiatae
463 480 583 525 sunt,
616 480 661 517 vt
689 480 731 517 et
766 476 961 528 imperiti
1004 475 1248 515 attentione
1294 485 1455 525 magna
1494 473 1741 523 intelligere

107 543 376 591 viderentur,
408 546 450 583 et
480 543 642 583 eruditi
674 542 916 594 plurimum
953 541 1304 587 admirarentur;
1338 551 1441 578 nam
1471 537 1741 587 exemplaria

104 609 356 649 orationum
402 609 530 649 multi
576 609 760 648 abbates
789 610 831 647 et
860 606 1064 647 canonici
1103 607 1383 646 vehementer
1412 616 1437 643 a
1468 603 1633 642 nostris
1663 602 1742 641 im-

106 677 277 726 petrare
308 674 633 714 contenderunt
663 676 692 713 1.

183 742 221 779 3.
255 739 502 785 Coeterum,
528 739 625 790 ipso
655 739 741 782 die,
764 750 853 789 quo
884 738 1027 789 prima
1047 737 1190 776 oratio
1221 735 1446 776 recitanda
1468 736 1575 782 erat,
1599 734 1742 784 prima

105 806 254 845 statim
287 805 383 844 luce
413 804 600 855 auspicij
635 804 737 855 bonj
771 803 935 855 gracia,
967 802 1166 842 solemne
1196 802 1359 841 missae
1389 799 1656 840 sacrificium
1688 799 1742 838 de

104 871 272 922 Spiritu
316 870 494 918 Sancto,
527 870 573 909 in
603 869 1003 910 Carmelitanorum
1036 870 1221 907 fratrum
1257 867 1422 917 templo
1457 866 1742 905 decantatum

103 938 192 976 est:
225 936 296 976 cui
327 936 474 975 oi'ticio
505 936 803 975 interfuerunt
838 936 979 974 rector
1025 933 1332 973 vniuersitatis
1361 934 1391 979 ²,
1424 932 1623 971 illustres
1653 942 1743 969 ma·

104 1001 211 1041 ioris
240 1001 451 1040 ecclesiae
471 1000 691 1042 canonici.
712 999 1007 1050 praepositus,
1030 999 1241 1045 decanus,
1265 996 1576 1043 scholasticus,
1601 995 1744 1035 archi—

103 1067 320 1107 diaconus
363 1078 460 1105 cum
505 1066 608 1116 alijs
637 1068 911 1105 coeterorum
942 1064 1231 1115 collegiorum
1267 1063 1518 1109 canonicis;
1551 1064 1743 1112 quatuor

103 1133 287 1171 abbates
329 1143 379 1171 ac
409 1131 608 1171 ciuitatis
650 1131 872 1172 consules.
910 1142 1008 1170 cum
1055 1141 1216 1180 magna
1261 1128 1493 1168 hominum
1538 1127 1743 1166 diuersae

103 1197 376 1236 conditionis
419 1196 683 1248 frequentia,
730 1207 920 1246 quorum
968 1195 1169 1234 omnium
1221 1193 1486 1245 praesentia.
1535 1203 1741 1243 magnam

105 1262 236 1302 nobis
266 1262 438 1302 leticiae
469 1265 509 1302 et
540 1262 633 1313 spei
664 1262 941 1301 occasionem
974 1261 1143 1304 attulit..

185 1329 223 1367 4.
259 1328 515 1367 Lectionum
565 1340 694 1378 porro
725 1330 978 1366 nostrarum
1010 1327 1141 1366 initia
1164 1326 1339 1377 publice
1370 1333 1386 1351 '1¹
1422 1325 1641 1376 auspicati
1673 1336 1744 1363 su-

104 1405 203 1433 mus
235 1394 285 1433 10
314 1393 560 1443 Februarii,
592 1405 693 1433 cum
725 1393 842 1432 haud
875 1393 1036 1443 exigua
1073 1395 1136 1442 (ut
1169 1392 1300 1431 initio
1332 1391 1425 1431 fieri
1456 1391 1582 1440 solet)
1615 1389 1743 1429 audi-

101 1461 247 1498 torum
292 1459 594 1504 multitudine,
639 1470 830 1510 quorum
876 1458 1055 1509 plurimj
1104 1458 1251 1497 adbuc
1295 1457 1467 1496 assidui
1507 1458 1628 1503 sunt,
1661 1467 1742 1494 nec

103 1524 311 1575 vulgares
353 1524 549 1575 quidem,
595 1525 671 1563 sed
716 1524 884 1563 honore
927 1524 1227 1563 ecclesiastico
1277 1523 1590 1573 prefulgentes,
1628 1521 1743 1560 inter

102 1602 215 1641 quos
248 1592 407 1640 (preter
449 1590 818 1641 suffraganeum),
851 1590 1035 1629 sedulus
1082 1590 1124 1628 in
1172 1589 1435 1640 theologicis
1474 1588 1743 1628 lectionibus

101 1657 165 1694 est
196 1655 379 1706 quidam
410 1656 549 1695 abbas
579 1667 678 1695 cum
711 1655 883 1706 aliquot.
912 1667 963 1694 ex
994 1655 1089 1695 suis
1120 1655 1347 1694 fratribus.
1372 1654 1612 1705 Speranius
1644 1653 1742 1704 plu-

103 1733 171 1760 res
214 1721 301 1760 huc
334 1723 555 1771 venturos,
588 1721 663 1761 ubi
710 1722 870 1760 hiemis
900 1722 1132 1771 asperitas,
1166 1733 1279 1772 quae
1319 1720 1523 1771 regiones
1552 1719 1634 1758 has
1664 1718 1741 1757 diu

102 1786 189 1825 iam
236 1786 429 1834 vexauit,
475 1787 660 1826 remissa
699 1787 845 1826 fuerit.
880 1786 1074 1826 Rumore
1122 1786 1240 1825 enim
1290 1786 1345 1824 ad
1394 1797 1476 1824 nos
1525 1785 1743 1835 perfertur

102 1852 267 1891 multos
298 1852 343 1891 iu
373 1852 541 1891 scholis
571 1852 844 1901 triuialibus‚
869 1852 1080 1902 temporis
1115 1851 1462 1902 oportunitatem
1494 1851 1739 1900 expectare,

104 1917 293 1956 maxime
325 1929 427 1973 vero
458 1917 770 1968 Dusuldurpij,
793 1929 907 1968 quae
937 1917 1089 1956 schola
1122 1917 1208 1956 iam
1240 1917 1296 1955 ad
1317 1916 1544 1955 interitum
1582 1914 1739 1960 tendit,

102 1984 280 2032 propter
311 1982 602 2022 moderatoris
632 1982 756 2022 illius
786 1984 1035 2033 suspectam
1067 1983 1199 2035 tidem
1230 1984 1258 2022 3.

171 2048 210 2086 ἴ).
244 2047 328 2087 Sed
359 2048 463 2095 iam,
497 2048 543 2087 P.
577 2048 871 2096 obseruande,
904 2048 1173 2087 domesticae
1217 2048 1276 2087 rei
1322 2047 1539 2086 rationem
1574 2046 1737 2097 accipe.

102 2112 191 2152 Nos
236 2116 334 2164 post
365 2112 454 2152 Rfli
486 2114 534 2153 P.
570 2113 861 2164 prouincialis
892 2116 905 2136 ⁴
936 2126 960 2152 a
990 2113 1122 2152 nobis
1165 2113 1412 2153 discessum
1454 2112 1545 2164 (qui
1578 2112 1659 2152 fuit
1695 2112 1740 2151 12

102 2178 252 2226 liuius)
286 2178 332 2217 in
362 2179 445 2218 hoc
476 2179 664 2230 collegio
697 2179 745 2217 12
775 2191 961 2218 numero
983 2179 1142 2230 reliqui
1175 2190 1355 2221 sumus;
1389 2178 1504 2217 inter
1533 2190 1645 2229 quos
1675 2180 1739 2217 est

100 2243 282 2294 quidam
327 2244 587 2283 adolescens
631 2244 678 2283 P.
723 2244 1392 2295 prouincialisconterraneus,
1438 2243 1514 2294 qui
1565 2246 1739 2294 peracta

104 2308 245 2359 prima
276 2309 550 2359 probatione,
574 2309 621 2348 in
652 2309 844 2348 secunda
878 2309 963 2348 iam
990 2312 1206 2357 versatur,
1232 2321 1282 2348 ac
1312 2309 1442 2360 coqui
1474 2308 1741 2348 0111010100-

100 2373 233 2424 gitur,
268 2375 434 2424 probus
464 2374 704 2413 admodum
739 2374 926 2417 videtur,
950 2376 992 2414 et
1021 2374 1077 2414 ad
1107 2374 1260 2413 onmia
1290 2386 1475 2413 munera
1505 2373 1739 2413 subeunda

100 2442 297 2490 paratus,
331 2439 610 2480 mediocriter
638 2440 771 2479 etiam
804 2440 847 2479 in
881 2440 1176 2480 humanitatis
1206 2440 1370 2491 studijs
1400 2442 1465 2479 est
1487 2440 1735 2478 institutus.

160 2613 177 2631 a
199 2605 370 2646 publicae
397 2615 467 2638 ηις.

162 2775 171 2791 ¹
196 2772 391 2805 Orationes
415 2774 593 2806 recitatae
630 2776 719 2806 sunt
756 2784 778 2806 a
816 2774 882 2806 PP.
907 2774 1092 2806 Balduino
1123 2775 1169 2806 ab
1200 2774 1353 2815 Angelo.
1380 2773 1536 2814 Aegidio
1561 2772 1677 2805 Fahro
1701 2774 1738 2805 et

100 2825 312 2858 Hermanno
335 2826 517 2867 Thyraeo.
543 2826 596 2859 Cf.
620 2827 749 2859 Laini
771 2827 946 2864 Monam,
973 2828 995 2860 l.
1021 2837 1050 2859 c.
1075 2828 1148 2860 418.

159 2882 171 2899 2
194 2880 352 2912 Ioannes
376 2880 560 2912 Houstius
583 2880 626 2921 (l.
652 2881 770 2913 Guast
794 2890 865 2913 von
901 2881 1166 2921 Luxemburg).
1195 2880 1356 2918 Hmssx,
1386 2881 1408 2912 l.
1438 2890 1468 2912 c.
1497 2880 1580 2913 353:
1614 2880 1734 2919 Dufflz,

97 2933 121 2965 1.
146 2942 176 2965 c.
200 2934 252 2965 98.

160 2989 172 3006 a
194 2987 228 3018 Is
252 2988 331 3019 erat
355 2987 513 3019 Ioannes
537 2987 735 3020 Monheim.
761 2988 813 3020 Cf.
841 2987 1005 3027 HAxsEx,
1031 2988 1054 3020 l.
1080 2997 1109 3019 c.
1133 2988 1206 3020 349.

160 3042 170 3059 ⁴
196 3040 230 3072 P.
256 3040 464 3072 Everardus
488 3040 755 3081 MercurianuS,
781 3042 846 3083 qui
870 3042 985 3073 etiam
1008 3042 1052 3073 de
1076 3041 1287 3073 scholarum
1307 3041 1598 3081 inauguratione
1622 3041 1736 3082 scrip-

98 3094 159 3125 sit.
185 3093 238 3126 Cf.
263 3093 408 3137 Lainiz‘
431 3093 605 3126 Momem.
635 3093 677 3133 V,
702 3095 851 3127 417-419.
