2028 3531
364 270 433 306 464
835 268 1038 304 Li'rrmmr:
1072 268 1416 311 QUADmMESTRES

315 389 358 426 et
387 399 566 437 corpore
595 387 704 425 satis
735 388 1024 436 praestantem
1048 398 1096 423 ac
1122 382 1395 422 mediocriter
1414 382 1609 427 doctum,
1633 382 1688 421 ab
1708 393 1759 421 eo
1781 384 1935 421 sancto

318 452 557 502 proposito,
589 451 706 501 quod
740 451 904 500 pridem
939 450 1132 489 Viennae
1164 449 1415 486 nostrorum
1438 446 1483 484 in
1505 446 1657 485 schola
1686 446 1934 496 discipulus

316 518 589 566 conceperat,
611 515 831 555 dehortari
854 517 895 553 et
916 514 967 552 ad
991 525 1120 552 suum
1143 512 1341 550 ordinem
1363 510 1693 561 suscipiendum
1716 510 1933 561 pellicere,

317 580 686 632 quemadmodum
717 580 811 619 suis
840 580 893 618 ad
923 579 1086 617 dictum
1122 574 1424 615 Reuerendum
1450 575 1590 614 Prem.
1616 575 1842 614 Rectorem
1868 575 1937 614 lit·

317 645 424 684 teris
453 647 639 684 testatus
668 646 746 684 est.

397 710 435 749 ΥΞ.
473 710 657 748 l'rebent
686 721 731 748 se
761 720 913 747 omnes
944 707 987 745 in
1021 707 1101 745 hoc
1133 707 1283 744 nostro
1312 704 1499 755 collegio
1521 704 1565 743 in
1590 705 1721 743 rebus
1750 705 1805 743 ab
1834 705 1936 743 obe-

318 775 484 813 dientia
528 774 740 813 iniunctis
785 773 934 811 faciles
972 783 1020 809 ae
1062 770 1325 819 morigeros;
1358 769 1395 807 si
1427 769 1533 820 quid
1564 771 1709 807 tamen
1740 769 1935 808 humana

320 839 556 889 fragilitate
576 838 737 877 erroris
759 837 888 876 luerit
909 836 1169 881 admissum,
1192 836 1268 873 aut
1289 833 1459 883 aliquid
1485 844 1611 872 secus
1640 845 1770 884 quam
1803 833 1938 872 dictat

320 903 432 942 ratio
461 905 648 953 gestum,
682 902 808 941 facile
837 900 1069 940 Societatis
1113 898 1330 937 medicina
1373 900 1566 937 curatur.
1615 897 1706 937 Hoc
1745 900 1939 948 tempore

320 980 407 1020 quo
439 967 727 1006 tridentinum
757 965 993 1005 concilium
1026 965 1162 1002 fertur
1186 974 1236 1002 ac
1256 964 1459 1013 speratur
1490 962 1738 1012 propediem
1771 962 1938 1001 instau-

321 1032 524 1078 randum,
555 1043 681 1070 sacra
710 1029 1071 1081 precationesque
1104 1027 1302 1078 quotidie
1340 1028 1466 1073 fiunt,
1500 1038 1587 1065 non
1618 1027 1713 1065 sine
1742 1026 1941 1077 corporis

320 1096 652 1138 afflictionibus,
684 1095 738 1134 ad
770 1093 1092 1144 impetrandum
1138 1091 1335 1130 foelicem
1381 1091 1578 1130 eiusdem
1621 1091 1795 1141 concilij
1842 1102 1940 1141 pro-

321 1173 537 1213 gressum,
569 1163 610 1199 et
630 1160 681 1198 ad
709 1158 1046 1209 propulsandas,
1078 1157 1168 1195 Deo
1199 1156 1451 1201 miserante,
1484 1167 1642 1206 graues
1671 1155 1780 1194 istas
1808 1155 1941 1194 eccle-

321 1225 412 1264 siae
442 1224 729 1264 calamitates.
768 1224 828 1262 De
866 1221 1156 1261 concionibus
1200 1220 1427 1271 Vtriusque
1471 1220 1650 1270 linguae
1694 1219 1857 1270 pariter
1898 1221 1940 1258 et

322 1289 588 1329 lectionibus
635 1288 837 1339 publicis,
882 1298 980 1326 cum
1014 1298 1168 1336 parum
1198 1287 1275 1324 aut
1304 1285 1391 1324 fere
1422 1285 1535 1324 nihil
1567 1284 1848 1323 immutatum
1880 1284 1939 1323 vi-

321 1354 490 1400 deatur,
524 1353 610 1392 nisi
649 1352 766 1404 quod
809 1351 1061 1391 auditorum
1108 1361 1319 1389 numerus
1348 1349 1394 1388 in
1424 1349 1633 1389 omnibus
1675 1349 1943 1388 lectionibus

324 1418 470 1470 potius
500 1420 670 1465 auctus,
702 1429 834 1468 quam
865 1415 1113 1455 diminutus
1142 1415 1214 1462 sit,
1246 1414 1361 1454 nihil
1395 1414 1675 1453 scribendum
1716 1413 1938 1454 duximus.

401 1484 440 1522 3.
473 1483 534 1522 De
564 1482 707 1521 fructu
738 1484 884 1521 autem
918 1479 1320 1519 administrationis
1363 1481 1740 1518 sacramentorum
1771 1477 1813 1517 id
1845 1479 1940 1517 bre-

322 1547 436 1586 uiter
465 1546 666 1593 dixerim,
698 1545 815 1596 quod
846 1545 946 1584 licet
976 1544 1047 1583 hic
1076 1544 1212 1583 moris
1242 1555 1332 1582 non
1361 1543 1419 1582 sit
1439 1545 1485 1582 vt
1513 1542 1692 1593 saepius
1720 1542 1939 1589 homines,

323 1624 455 1663 quam
486 1612 617 1651 semel
651 1611 696 1650 in
726 1622 859 1656 anno,
881 1609 1189 1656 confiteantur,
1221 1620 1363 1659 neque
1393 1610 1644 1659 promptum
1674 1608 1733 1647 sit
1761 1607 1863 1646 illos
1886 1607 1945 1646 ab

322 1677 407 1716 ista
437 1679 524 1715 tam
555 1676 798 1716 inueterata
828 1674 1149 1714 consuetudine
1179 1685 1407 1720 reuocare;
1440 1677 1670 1724 nunquam
1696 1674 1843 1711 tamen
1871 1672 1942 1711 de-

323 1742 502 1781 fuerunt
531 1741 686 1792 aliqui,
705 1740 985 1791 potissimum
1016 1738 1223 1778 foeminei
1253 1749 1401 1785 sexus,
1424 1738 1627 1777 homines
1647 1749 1834 1788 quo-rum
1865 1736 1940 1787 alij

323 1807 515 1858 singulis
559 1806 800 1853 mensibus,
841 1804 914 1856 alij
957 1816 1060 1844 vero
1103 1804 1302 1844 crebrius
1336 1803 1380 1843 id
1411 1804 1617 1850 facerent,
1664 1802 1854 1842 maxime
1896 1801 1942 1840 in

326 1871 572 1923 praecipuis
601 1871 722 1918 anni,
746 1882 795 1910 ac
815 1878 833 1896 ἃ
859 1869 1135 1910 solemnibus
1164 1869 1303 1912 festis.
1334 1868 1514 1920 quando
1542 1868 1675 1907 etiam
1705 1868 1943 1907 admodum

323 1939 574 1976 reuerenter
602 1947 772 1975 sacram
800 1935 1112 1974 comunionem
1141 1934 1406 1985 suscipiunt.

401 2002 439 2042 4.
470 2000 693 2050 Quantum
711 2012 813 2039 vero
834 1999 889 2038 ad
906 1999 1083 2039 scholas
1103 2000 1279 2038 nostras
1299 1998 1456 2037 attinet
1479 1997 1691 2048 priuatas,
1710 1997 1785 2036 ille
1802 1996 1947 2047 magis

324 2065 554 2117 magisque
583 2065 628 2104 in
658 2065 752 2104 dies
781 2064 934 2104 florere
964 2064 1184 2112 videntur,
1216 2063 1325 2103 adeo
1356 2065 1401 2102 vt
1431 2062 1514 2101 viri
1544 2062 1741 2113 apprime
1771 2061 1947 2101 nobiles

324 2142 430 2170 suos
467 2130 584 2170 filios
626 2129 771 2176 nobis,
815 2141 949 2180 quam
991 2128 1109 2179 alijs,
1154 2128 1453 2167 instituendos
1496 2127 1709 2166 libentius
1750 2126 1942 2166 tradant.

325 2195 525 2246 Suntque
553 2195 636 2234 hoc
665 2196 859 2244 tempore
894 2193 1100 2233 nonnulli
1145 2193 1359 2232 baronum
1405 2192 1683 2243 aliorumque
1725 2191 1943 2230 nobilium

325 2259 402 2310 filij
435 2259 483 2298 in
511 2260 709 2298 nostram
738 2258 1020 2308 disciplinam
1046 2257 1246 2297 admissi.
1279 2256 1499 2296 Proximis
1528 2255 1686 2295 diebus
1714 2255 1789 2295 isti
1818 2255 1944 2294 scho-

324 2323 468 2363 lastici
498 2322 637 2362 nostri
667 2323 843 2373 publice
873 2322 1172 2361 exhibuerunt
1200 2320 1474 2361 comoediam
1497 2332 1587 2360 non
1609 2320 1758 2359 minus
1786 2331 1944 2359 venus-

322 2389 414 2428 tam
443 2399 576 2439 quam
607 2387 740 2437 piam,
771 2399 858 2438 qua
888 2387 934 2425 in
964 2398 1009 2426 re
1038 2386 1102 2426 sic
1131 2385 1348 2437 perfuncti
1392 2387 1498 2424 sunt
1540 2384 1606 2424 illi
1649 2384 1825 2435 egregio
1862 2395 1948 2423 suo

325 2463 506 2492 munere
535 2453 719 2498 actores,
752 2453 796 2490 vt
825 2451 1011 2491 dubium
1041 2462 1132 2490 non
1161 2450 1220 2490 sit
1248 2450 1467 2489 actionem
1498 2449 1659 2488 mirum
1689 2448 1736 2488 in
1766 2448 1944 2488 modum

324 2516 534 2556 omnibus
559 2515 802 2566 placuisse,
835 2516 1084 2566 complures
1105 2515 1237 2555 etiam
1258 2526 1311 2554 ex
1340 2514 1543 2554 terrificis
1572 2513 1719 2553 verbis
1748 2525 1797 2553 ac
1826 2525 1945 2564 spec·

326 2581 405 2621 tris
435 2581 526 2620 illis
547 2582 783 2632 permotos,
806 2581 859 2620 de
880 2580 1103 2631 fugiendis
1129 2579 1250 2631 vitijs
1279 2591 1329 2619 ac
1358 2578 1600 2618 virtutibus
1629 2577 1949 2629 amplectendis-

326 2646 440 2685 serio
469 2645 701 2696 cogitasse,
732 2645 851 2696 quod
880 2645 1207 2696 deprehendere
1232 2644 1358 2684 licuit
1387 2645 1481 2683 tum
1510 2655 1563 2683 ex
1591 2643 1819 2694 spectandi
1852 2642 1946 2682 aui-

324 2710 475 2758 ditate,
520 2712 613 2749 tum
656 2721 707 2749 ex
752 2710 1015 2760 persistendi
1057 2709 1321 2749 constantia.
1354 2707 1518 2748 Omnes
1560 2707 1694 2752 enim,
1739 2707 1812 2746 vix
1856 2707 1949 2746 vllo

325 2777 519 2825 excepto,
551 2786 628 2825 per
655 2777 846 2826 quatuor
874 2775 976 2825 plus
1005 2775 1153 2814 minus
1192 2774 1401 2813 horarum
1434 2772 1453 2798 b
1477 2772 1691 2824 spacium,
1732 2771 1945 2824 quamdiu

326 2839 493 2879 scilicet
522 2839 619 2890 ipsa
647 2839 826 2879 durauit
856 2839 985 2887 actio,
1008 2841 1284 2879 constantem
1312 2850 1413 2878 cum
1443 2837 1622 2877 silentio
1651 2849 1701 2877 ac
1730 2836 1946 2876 modestia

388 3046 408 3065 a
427 3047 469 3070 ac
492 3048 618 3079 supra
643 3047 740 3071 ver-3.
766 3057 805 3061 —-
828 3039 846 3065 b
866 3038 1040 3071 horarum
1063 3047 1190 3080 supra
1212 3047 1315 3072 vers-
