2028 3531
567 273 648 310 518.
675 295 720 299 —
746 273 989 309 VmoonoNA
1019 273 1034 308 1
1064 272 1165 309 MA11
1195 271 1280 307 1561
1625 271 1695 308 285

107 394 352 440 doctorum,
385 392 710 444 religiosorum,
743 403 793 431 ac
821 391 1023 431 omnium
1052 391 1245 442 denique
1270 391 1498 442 Vtriusque
1519 402 1668 438 sexus,
1693 403 1742 430 ac

108 458 255 498 omnis
283 458 554 498 conditionis
584 457 816 497 hominum
851 457 1073 508 applausu
1112 459 1155 496 et
1202 456 1465 507 frequentia,
1517 458 1561 495 vt
1608 467 1742 507 supra

107 525 283 563 centum
314 525 437 562 extra
467 523 583 563 fores
612 522 786 574 collegij
819 522 1043 562 astiterint
1072 522 1241 573 procul.
1275 521 1386 561 Acta
1415 523 1495 567 est,
1542 521 1741 572 inquam,

108 599 186 639 per
214 588 413 639 quinque
443 589 652 628 horarum
683 587 879 639 spatium
909 590 938 627 1.

190 654 253 693 10.
286 653 343 693 Vt
371 654 427 693 ad
474 655 853 693 sacramentorum
901 655 1033 704 atque
1080 652 1225 692 diuini
1274 652 1397 691 verbi
1445 651 1744 691 ministerium

109 718 358 770 procedam,
391 719 475 758 fuit
505 718 576 758 his
606 718 836 758 mensibus
866 718 1025 769 ingens
1054 717 1360 758 confitentium
1406 719 1539 768 atque
1586 717 1745 756 eucha-

108 783 280 824 ristiam
328 784 667 835 suscipientium
717 795 946 829 numerus,
998 783 1227 834 maiorque
1275 783 1455 823 iuturus
1502 782 1661 829 fuerat,
1706 781 1745 821 si

108 849 262 900 regina
291 849 532 888 Bohemiae
579 861 670 888 non
699 848 789 888 alio
818 848 1156 899 commigrasset
1184 850 1214 888 ².
1247 847 1436 887 Plurimi
1484 847 1561 899 qui
1609 846 1745 887 semel

108 914 340 962 duntaxat,
371 917 449 955 aut
477 915 653 962 iterum,
685 915 886 966 quolibet
909 926 1029 954 anno
1049 914 1390 961 confitebantur,
1414 913 1545 953 modo
1565 912 1746 964 saepius

109 980 154 1020 id
184 980 381 1020 fecerunt
409 980 568 1020 diebus
597 980 897 1027 solemnibus;
929 992 1011 1020 nec
1040 979 1170 1031 pauci
1217 991 1271 1019 ex
1319 979 1478 1018 vicinis
1521 977 1747 1030 parochiis

109 1045 162 1084 ad
195 1056 277 1084 nos
306 1045 631 1085 confluxerunt.
664 1045 872 1085 Mulieres
914 1045 1129 1084 honestae
1176 1044 1231 1084 ad
1279 1055 1386 1084 suos
1433 1043 1652 1094 parochos
1682 1055 1745 1082 re-

109 1110 272 1150 missae
301 1110 481 1150 fuerunt
510 1110 567 1150 ob
597 1113 853 1150 nostrorum
886 1109 1259 1150 confessariorum
1291 1109 1539 1160 penuriam,
1571 1110 1614 1148 et
1634 1110 1680 1148 vt
1700 1108 1747 1148 in

109 1175 205 1216 suis
237 1175 460 1227 parochiis
489 1187 661 1215 sacram
691 1176 1008 1216 eucharistiam
1038 1183 1057 1202 a
1086 1175 1377 1226 susciperent.
1414 1175 1555 1223 Vnde,
1587 1177 1636 1215 ut
1666 1175 1748 1214 fer-

109 1243 196 1289 tur,
241 1241 493 1293 lachrymas
541 1241 697 1281 vberes
744 1241 1005 1281 fundebant.
1057 1241 1200 1288 Aliae,
1249 1240 1416 1292 quibus
1462 1240 1612 1280 ablata
1654 1242 1748 1280 erat

109 1306 469 1347 communicandi
499 1306 546 1346 in
576 1309 728 1347 nostra
757 1307 865 1346 aede
894 1307 1098 1355 facultas,
1130 1305 1340 1358 quamuis
1387 1306 1554 1345 nostris
1600 1308 1748 1346 essent

109 1372 354 1421 confessae,
386 1373 533 1412 modis
580 1372 791 1412 omnibus
825 1373 1168 1421 contendebant,
1203 1374 1261 1419 vt,
1294 1371 1425 1411 nobis
1454 1371 1584 1423 quasi
1613 1372 1747 1411 etiam

109 1437 282 1487 inuitis,
314 1438 402 1484 hic,
438 1441 481 1478 et
527 1450 618 1478 non
666 1438 713 1478 in
760 1439 856 1478 suis
904 1438 1129 1490 parochiis
1175 1437 1569 1478 communicarent.
1620 1437 1749 1477 Aliae

110 1515 267 1544 rursus
295 1504 617 1553 irascebantur,
649 1516 700 1544 ac
728 1504 887 1544 durius
916 1504 1116 1544 tulerunt
1145 1515 1192 1543 se
1221 1502 1351 1554 quasi
1376 1514 1454 1554 per
1473 1514 1555 1542 nos
1576 1515 1602 1542 a
1622 1515 1748 1543 sacro

110 1569 240 1609 altari
270 1569 424 1621 repelli
453 1571 690 1610 causantes
719 1571 867 1609 tamen
899 1569 1033 1609 minis
1063 1568 1349 1621 quibusdam,
1398 1568 1517 1620 quod
1552 1568 1748 1619 amplius

111 1647 201 1683 non
231 1637 380 1675 essent
408 1635 464 1675 ad
494 1647 577 1675 nos
606 1635 827 1675 rediturae
857 1647 987 1687 agere
1017 1635 1139 1674 visae
1169 1636 1288 1674 sunt.
1331 1634 1454 1674 Adeo
1484 1634 1627 1685 placet
1657 1634 1749 1674 illis

109 1701 264 1752 templi
294 1700 435 1740 nostri
465 1701 628 1744 cultus,
660 1701 779 1740 nitor
820 1712 871 1740 ac
918 1700 1182 1740 reuerentia.
1230 1700 1384 1751 ltaque
1430 1699 1478 1738 in
1526 1699 1750 1738 mandatis

110 1767 328 1807 dederunt
355 1766 598 1806 cardinalis
628 1766 796 1806 Hosius
817 1768 859 1806 et
883 1765 1144 1806 viennensis
1173 1764 1191 1791 b
1222 1765 1459 1816 episcopus
1479 1776 1535 1804 ne
1555 1764 1750 1815 amplius

110 1844 324 1883 negemus
353 1832 453 1872 istis
482 1832 641 1872 horum
672 1834 1067 1880 sacramentorum,
1117 1831 1250 1871 etiam
1298 1830 1489 1882 paschae
1536 1832 1747 1881 tempore,

111 1897 559 1938 administrationem.
611 1897 751 1937 Feriis
798 1896 1123 1948 purificationis
1170 1897 1325 1935 beatae
1354 1895 1519 1935 Mariae
1548 1895 1747 1942 trecenti,

111 1963 306 2014 exceptis
348 1963 515 2002 nostris
561 1965 604 2002 et
650 1962 867 2002 studiosis
913 1962 1139 2009 omnibus,
1189 1961 1463 2001 dominicum
1511 1972 1673 2011 corpus
1703 1960 1749 2000 in

112 2029 277 2080 templo
307 2031 460 2068 nostro
494 2030 800 2079 susceperunt.
852 2028 1245 2068 Xenodochiorum
1275 2029 1318 2066 et
1347 2026 1614 2066 Academiae
1643 2038 1751 2077 pau-

112 2106 252 2145 peres,
284 2105 397 2146 quos
428 2094 559 2145 volgo
590 2093 661 2133 hic
690 2105 826 2133 aureo
874 2095 1112 2133 montanos
1141 2092 1384 2144 appellant,
1417 2094 1459 2131 et
1488 2091 1565 2142 qui
1596 2091 1643 2130 in
1673 2103 1751 2131 no—

112 2160 337 2206 socomiis,
361 2159 431 2199 vel
452 2159 732 2211 imperatoris
752 2159 823 2199 vel
844 2158 1057 2207 ciuitatis,
1081 2170 1211 2210 aegre
1232 2158 1369 2198 vitam
1386 2160 1540 2209 agunt,
1559 2157 1751 2209 denique

112 2226 190 2277 qui
220 2228 298 2266 aut
326 2225 497 2265 horridi
526 2225 715 2265 carceris
744 2227 851 2265 sunt
879 2225 1103 2276 angustiis
1140 2223 1441 2275 circumsepti,
1472 2225 1550 2263 aut
1580 2235 1659 2275 pro
1690 2223 1751 2262 fo-

113 2292 238 2331 ribus
267 2291 409 2331 nostri
444 2291 597 2342 templi
644 2291 938 2331 eleemosinas
985 2290 1289 2337 emendicant;
1340 2289 1574 2330 coelestem
1622 2289 1751 2329 illum

115 2370 289 2410 panem,
338 2370 427 2410 quo
474 2358 822 2410 augustissimos
864 2357 1026 2409 jubilei
1074 2357 1246 2397 fructus
1292 2357 1685 2407 consequerentur,
1726 2367 1751 2394 a

113 2424 280 2464 nostris
310 2425 612 2475 perceperunt.
645 2422 772 2464 Circa
800 2423 918 2463 idem
947 2425 1124 2474 tempus
1152 2422 1343 2462 consilio
1373 2421 1575 2461 Rectoris
1608 2420 1751 2460 nostri

113 2501 204 2529 non
234 2501 402 2541 paruus
431 2491 498 2529 est
526 2489 696 2529 abusus
725 2489 778 2528 de
809 2488 955 2528 medio
984 2488 1205 2528 sublatus.
1230 2487 1421 2537 Quidam
1442 2486 1577 2535 enim,
1601 2486 1751 2526 nescio

114 2567 204 2607 quo
224 2556 426 2606 pretextu
447 2554 640 2605 pietatis,
664 2554 805 2594 multo
826 2556 1023 2605 tempore
1043 2554 1212 2604 absque
1233 2553 1324 2592 vllo
1345 2552 1556 2603 scrupulo
1578 2553 1751 2591 tantum

114 2620 240 2660 nefas
269 2627 285 2646 0
318 2620 646 2671 perpetrabant,
682 2621 729 2659 vt
758 2619 930 2658 hostias
950 2630 1042 2658 non
1062 2619 1344 2658 consecratas
1364 2629 1443 2669 pro
1464 2616 1749 2664 consecratis,

115 2697 275 2737 panem
291 2696 463 2725 merum
480 2696 559 2736 pro
574 2696 679 2724 vero
695 2683 861 2724 Christi
876 2695 1059 2735 corpore
1075 2683 1346 2735 quibusdam
1361 2681 1589 2734 paschatis
1609 2680 1628 2707 d
1646 2683 1753 2721 tem—

177 2864 197 2884 a
228 2856 381 2889 sinaxin
403 2855 448 2888 Β.
474 2874 514 2878 -
537 2855 555 2882 b
586 2855 777 2888 vienensis
800 2854 847 2888 A.
872 2874 912 2878 —
935 2863 950 2883 e
986 2854 1129 2897 nephas
1152 2854 1200 2888 A.
1224 2872 1265 2878 —
1287 2853 1307 2880 d
1338 2853 1504 2896 pascatis
1527 2853 1577 2885 A„

179 3025 191 3043 ¹
213 3022 265 3056 Cf.
290 3023 417 3055 DUHR:
446 3021 675 3055 Geschichte
697 3022 770 3055 der
789 3021 1011 3055 Jesuiten...
1035 3021 1063 3061 Ι,
1087 3022 1160 3055 332.

179 3079 193 3097 ¹¹
214 3077 258 3110 In
279 3076 410 3110 urbem
432 3076 611 3109 nimirum
634 3075 1013 3109 Wiener-Neustadt.
1038 3075 1090 3109 Cf.
1115 3074 1262 3108 Laim'i
1287 3073 1462 3107 Monam.
1487 3073 1529 3113 V,
1554 3073 1626 3106 438.
