2028 3531
604 290 685 326 5220.
714 308 755 313 —
784 287 929 323 PRAGA
955 287 979 322 4
1004 286 1104 323 MA11
1133 286 1221 322 1561
1613 288 1682 323 0297

95 411 173 463 filij
206 410 393 462 praediti
437 412 558 457 sunt,
589 409 666 461 qui
696 419 796 448 cum
826 407 873 446 in
903 406 1056 446 eodem
1086 405 1274 457 collegio
1304 408 1498 456 quatuor
1529 406 1730 446 hussitae

94 476 299 523 fuissent,
322 475 397 515 sed
420 486 561 526 nuper
589 485 744 513 omnes
773 471 1025 511 incredibili
1055 470 1276 510 desiderio
1296 470 1425 510 fidem
1448 471 1729 518 catholicam,

95 541 270 582 Christo
313 540 554 591 aspirante,
600 537 891 589 susceperint,
936 548 961 575 a
1005 548 1112 576 suae
1154 535 1464 575 conuersionis
1499 535 1729 587 tempo[re]

94 606 209 646 nihil
252 605 520 645 intentatum
563 604 855 655 reliquerunt,
887 614 976 653 quo
1006 613 1113 641 suos
1142 601 1276 640 etiam
1317 603 1522 652 parentes
1551 603 1593 640 et
1623 601 1732 640 ami-

93 683 168 711 cos
198 671 245 710 in
287 671 476 710 eundem
507 669 780 709 orthodoxae
812 667 989 719 pietatis
1027 666 1250 706 tramitem
1280 666 1578 713 adducerent3
1611 666 1731 717 quod

94 737 204 776 adeo
248 736 413 775 frustra
451 734 597 775 conati
643 746 733 773 non
762 741 780 759 a
807 735 928 780 sunt,
961 734 1009 772 ut
1051 734 1141 771 tres
1185 731 1423 771 maximam
1455 731 1508 770 de
1547 743 1731 771 suorum

95 803 327 853 parentum
357 800 650 840 conuersione
679 811 802 849 spem
833 799 1041 837 habeant.
1075 798 1136 836 De
1168 796 1271 848 alijs
1300 796 1472 847 collegij
1497 796 1605 836 noui
1630 808 1732 836 con-

94 866 356 912 uictoribus,
388 865 465 917 qui
498 865 560 914 13,
593 867 635 904 et
665 863 862 904 alumnis
892 863 969 914 qui
999 865 1106 902 sunt
1139 863 1201 909 14,
1243 864 1283 902 et
1314 862 1534 909 habitum,
1584 861 1732 913 qualis

94 931 238 971 isthac
281 931 328 970 in
372 930 627 982 germanico
671 929 860 979 collegio
903 928 1087 979 geritur,
1134 927 1245 978 ipsis
1290 927 1486 978 Ianuarij
1533 926 1733 966 calendis

94 1009 256 1048 magno
299 996 475 1041 affectu,
521 994 830 1047 quamtumuis
874 994 946 1033 hic
990 993 1271 1040 inusitatum,
1309 994 1617 1043 susceperunt,
1650 992 1734 1032 hoc

93 1062 238 1102 solum
283 1062 487 1109 dixerim,
534 1060 653 1112 quod
697 1071 853 1099 omnes
897 1059 943 1099 in
987 1071 1163 1099 summa
1207 1058 1460 1105 concordia,
1499 1057 1730 1106 modestia,

92 1127 360 1174 obedientia,
394 1126 572 1178 pietatis
617 1137 667 1165 ac
711 1125 941 1164 literarum
985 1124 1149 1175 studijs
1192 1123 1431 1175 diligenter
1473 1122 1729 1174 inuigilent,

92 1193 291 1244 adeoque
321 1204 544 1243 nusquam
577 1190 794 1231 libentius
824 1202 958 1241 quam
990 1190 1035 1229 in
1066 1202 1117 1229 eo
1148 1189 1337 1240 collegio
1367 1188 1540 1229 uiuant.
1572 1188 1734 1238 Quam-

93 1258 165 1298 uis
207 1257 327 1297 enim
370 1269 513 1308 nuper
555 1269 674 1297 unus
704 1269 727 1296 e
772 1255 1024 1307 praecipuis
1068 1257 1218 1295 tantae
1256 1253 1587 1294 commoditatis
1630 1266 1730 1305 per-

93 1325 243 1363 taesus
286 1323 412 1363 illinc
462 1323 614 1362 mallet
661 1323 715 1362 ad
761 1322 955 1373 aliquem
1015 1321 1281 1360 familiarem
1335 1319 1566 1359 dominum
1616 1331 1732 1359 com-

93 1388 296 1439 migrare,
329 1390 478 1439 atque,
509 1399 626 1434 eum,
659 1399 760 1427 cum
791 1387 921 1426 aliter
966 1385 1221 1437 persuaderi
1261 1397 1353 1424 non
1383 1386 1546 1436 posset,
1579 1386 1733 1423 nostra

92 1453 477 1493 commendatione
508 1453 767 1504 reperisset:
800 1452 935 1492 simul
965 1454 1099 1502 atque
1129 1453 1277 1490 tamen
1307 1462 1404 1490 eam
1429 1449 1733 1490 conditionem

93 1531 183 1559 una
214 1519 323 1558 hora
367 1518 526 1558 fuisset
555 1520 778 1570 expertus,
810 1517 1004 1569 priorem
1047 1516 1333 1556 foelicitatem
1362 1527 1489 1555 suam
1529 1514 1730 1566 agnouit,

92 1586 225 1635 atque
254 1596 277 1624 e
307 1584 511 1636 uestigio,
542 1584 696 1624 relicta
739 1583 1029 1635 paedagogia,
1075 1582 1264 1633 supplex
1293 1582 1349 1621 ad
1392 1593 1475 1621 nos
1505 1580 1651 1631 redijt,
1683 1592 1734 1620 ac

93 1649 238 1689 modis
267 1650 447 1690 tandem
476 1650 687 1689 omnibus
717 1649 876 1697 effecit,
901 1651 948 1688 ut
978 1648 1260 1699 reciperetur,
1285 1647 1495 1686 maiorem
1524 1646 1734 1697 deinceps

92 1715 407 1762 obedientiam,
440 1715 555 1755 facta
585 1715 783 1766 generali
826 1714 1122 1760 confessione,
1155 1716 1197 1753 et
1226 1712 1443 1752 adhibitis
1474 1712 1734 1751 intercesso-

92 1780 219 1820 ribus
248 1792 299 1820 ac
327 1780 532 1828 testibus,
557 1780 835 1831 promittens,
859 1791 993 1831 quam
1021 1791 1129 1818 sane
1150 1777 1451 1818 obedientiam
1473 1777 1529 1817 ab
1549 1788 1601 1816 eo
1627 1779 1733 1816 tem-

92 1857 198 1897 pore
227 1846 358 1897 longe
388 1845 666 1896 diligentius,
699 1857 833 1897 quam
864 1846 997 1884 antea
1026 1844 1302 1896 praestitisse
1332 1843 1525 1883 uidetur.

171 1911 210 1951 2.
243 1911 495 1951 Visitarunt
515 1923 671 1951 omnes
692 1911 865 1962 collegij
891 1910 1023 1950 istius
1053 1909 1225 1949 alumni
1255 1908 1589 1948 serenissimum
1614 1908 1734 1959 prin-

91 1976 234 2028 cipem
276 1978 478 2016 nostrum
510 1979 539 2024 1,
571 1976 648 2028 qui
679 1982 769 2016 tam
799 1988 977 2016 carmen
1016 1974 1398 2021 encomiasticum,
1430 1974 1550 2025 quod
1580 1973 1734 2013 recita-

93 2044 212 2091 runt,
257 2054 391 2094 quam
430 2042 685 2094 germanica
728 2041 869 2081 biblia
911 2053 1024 2093 quae
1067 2041 1366 2086 donauerunt,
1411 2038 1733 2090 benignissime

92 2107 288 2158 suscepit
317 2106 351 2155 b,
397 2119 444 2147 se
473 2119 644 2159 suaque
687 2107 937 2158 patrocinia
977 2106 1179 2146 uicissim
1209 2105 1321 2157 ipsis
1363 2105 1602 2145 clementer
1629 2103 1734 2143 offe-

93 2184 209 2213 rens.
260 2173 412 2224 Neque
456 2173 673 2213 minorem
717 2175 901 2213 senatus
955 2171 1188 2223 pragensis
1231 2171 1429 2211 fauorem
1479 2171 1730 2217 senserunt,

92 2238 272 2290 quando
302 2238 459 2278 laudes
488 2238 586 2278 eius
615 2238 793 2290 publice
822 2238 952 2277 docto
991 2237 1186 2289 quodam
1216 2236 1412 2277 carmine
1441 2235 1730 2282 celebrarent,

92 2304 210 2355 quod
267 2304 378 2344 adeo
426 2304 595 2355 placuit
641 2304 868 2351 omnibus,
919 2305 967 2343 ut
1014 2303 1149 2343 etiam
1198 2302 1365 2354 primas
1412 2301 1611 2341 ciuitatis
1645 2300 1732 2339 sibi

92 2368 204 2409 illud
236 2375 251 2393 ⁰
271 2369 429 2409 donari
460 2369 746 2409 uehementer
774 2371 968 2420 cuperet.

171 2435 210 2475 3.
243 2434 401 2475 Studia
431 2447 562 2486 porro
595 2434 615 2461 d
643 2437 794 2475 nostra
838 2435 935 2475 siue
978 2434 1154 2486 priuata
1189 2434 1286 2474 siue
1317 2433 1511 2485 publica,
1543 2432 1635 2472 Deo
1670 2432 1732 2471 fa—

92 2502 240 2548 uente,
272 2500 336 2540 sic
365 2500 625 2551 procedunt,
650 2502 698 2540 ut
727 2500 774 2539 in
795 2500 997 2551 utrisque
1026 2507 1042 2526 e
1077 2499 1248 2539 fructus
1277 2498 1469 2538 aliorum
1499 2497 1733 2537 hominum

92 2564 259 2605 iudicio
291 2565 356 2617 (ut
376 2566 429 2605 de
450 2565 582 2605 nobis
611 2567 798 2614 taceam)
830 2565 1053 2605 maximus
1081 2566 1306 2616 appareat.
1340 2563 1541 2614 Quatuor
1574 2562 1734 2602 diebus

93 2632 196 2670 ante
237 2631 488 2681 proximam
531 2630 784 2670 studiorum
828 2630 1169 2670 innouationem
1213 2629 1477 2681 theologice,
1522 2627 1730 2676 oratorie,

155 2815 175 2834 a
202 2815 277 2839 non
299 2816 427 2849 supra
449 2816 553 2840 vers.
571 2825 611 2829 —-
627 2806 647 2833 b
663 2806 879 2840 Emendaoe
895 2806 1124 2848 suscepisset
1151 2806 1199 2848 (⁵3)
1214 2825 1255 2829 —
1271 2814 1287 2832 c
1307 2805 1401 2838 illud
1423 2813 1551 2846 supra
1574 2813 1676 2837 vers.
1692 2822 1734 2827 —

93 2858 112 2886 d
130 2859 281 2892 Auctor
302 2860 468 2902 scripsit
491 2860 619 2892 studia
641 2869 721 2892 nra.
746 2869 867 2901 porro,
892 2859 962 2893 sed
977 2861 1069 2901 post
1091 2859 1213 2901 siqua
1237 2859 1330 2892 add.
1356 2860 1400 2891 ut
1422 2858 1500 2891 duo
1529 2859 1734 2900 postrema

92 2921 155 2946 vv.
180 2915 532 2946 commutarentur.
557 2932 597 2936 —
621 2922 637 2941 e
657 2913 857 2955 utriusque
879 2922 952 2946 ms.

158 3087 169 3106 ¹
191 3086 461 3127 Ferdinandus,
486 3086 722 3132 imperatoris
745 3085 858 3126 filius,
883 3085 1084 3118 Bohemiae
1115 3085 1355 3127 gubernator.
