2028 3531
498 291 579 327 561.
607 311 649 316 —
677 290 905 327 Fonomvm
934 289 949 324 1
980 288 1239 325 SEPTEMBms
1269 288 1355 324 1561
1627 287 1696 322 457

218 412 269 452 D.
301 411 352 451 V.
377 411 428 452 R.
452 411 518 458 P.,
553 422 627 461 per
655 410 969 450 commissione
999 408 1069 448 del
1100 407 1198 447 11.ᾱο
1228 408 1275 447 P.
1310 407 1502 451 Rettore,
1536 418 1667 445 seruo
1698 406 1745 445 in

112 477 288 518 Christo
322 475 655 526 indignissimo.
1036 497 1267 537 MICHAELE
1301 496 1575 536 LAURETANO
1607 498 1635 535 1·

175 604 182 620 ¹
209 601 277 633 Hic
300 600 347 633 ab
370 608 470 632 anno
495 599 575 631 1573
598 599 644 631 ad
675 608 815 631 annum
840 598 919 630 1587
953 598 992 629 in
1026 606 1100 639 quo
1134 597 1239 634 obiit,
1272 596 1469 637 collegium
1492 595 1745 636 germanicum

111 655 249 687 Romae
272 653 461 695 sapienter
484 653 592 685 rexit.
618 652 669 686 Cf.
695 652 794 684 inter
816 651 910 684 alios
933 651 1169 684 SAGCHINUM:
1195 649 1298 682 Hz‘st.
1323 650 1407 681 Soc.
1439 649 1544 684 Iesu.
1578 649 1673 690 part.
1701 647 1744 687 V,

111 710 198 740 tom.
224 707 336 749 prior.
362 706 425 739 lib.
451 706 528 745 VII,
554 715 590 738 n.
615 706 635 738 9
658 715 762 747 sqq.:
788 705 986 737 CORDARA:
1016 704 1106 736 Coll.
1135 703 1264 735 Germ.
1284 702 1469 743 Hmzyar.
1489 701 1592 735 Hist.
1617 701 1681 734 lib.
1699 701 1744 741 II,

112 771 148 794 n.
175 762 214 793 14
235 770 334 802 sqq.:
361 759 612 792 Srmnussm:
642 759 871 791 Geschichte
888 758 956 790 cles
984 757 1073 790 Coll.
1095 756 1224 789 Germ.
1243 755 1429 797 Hunyctr.
1450 756 1492 787 in
1508 755 1629 791 Rom„
1648 755 1675 794 I,
1692 755 1744 795 94,

113 815 183 849 1002,
209 814 366 853 116-119;
392 814 686 846 Sommnvocst:
711 812 1056 853 Biblioyraphie...
1081 810 1141 850 IV,
1167 811 1258 843 1566.
1287 810 1379 842 Cum
1402 818 1489 842 vero
1512 809 1551 841 in
1575 809 1636 841 his
1663 817 1747 841 auc-

110 868 256 901 toribus
279 867 428 899 diversa
451 866 694 898 inveniantur
716 866 814 897 circa
837 874 977 897 annum
1001 866 1037 897 et
1059 864 1180 896 locum
1203 872 1278 905 quo
1301 862 1457 894 Michael
1481 862 1674 903 ingressus
1691 862 1747 894 est

111 920 333 954 Societatem
349 921 383 952 61
402 920 501 952 circa
524 919 645 951 locum
669 918 883 950 nativitatis
907 918 1086 956 eiusdem,
1104 917 1266 949 breviter
1290 916 1541 948 indicabimus
1565 924 1661 956 quae
1685 923 1747 947 no-

111 973 170 1006 bis
203 973 404 1012 securiora,
429 972 634 1004 secundum
657 971 815 1012 antiqua
841 971 1075 1009 documenta,
1100 970 1287 1002 videntur.
1313 969 1463 1001 Nullum
1486 968 1643 1000 dubium
1666 977 1747 1000 esse

110 1027 260 1059 videtur
281 1027 374 1068 quin
398 1025 554 1058 Michael
578 1026 705 1058 noster
728 1025 778 1056 sit
801 1024 863 1056 ille
886 1024 1044 1056 Michael
1067 1033 1089 1056 a
1112 1023 1275 1065 Gaspare
1298 1023 1343 1055 de
1366 1022 1504 1063 Doetis,
1530 1022 1747 1054 lauretanae

112 1081 250 1113 Domus
273 1080 533 1121 gubernatore,
552 1078 844 1117 commendatus,
863 1078 927 1119 qui
945 1087 1070 1109 mense
1087 1076 1278 1109 novembri
1303 1077 1384 1108 1555
1406 1076 1446 1108 in
1468 1084 1622 1108 romana
1640 1075 1748 1107 domo

111 1133 191 1167 Soc.
217 1133 300 1166 Iesu
331 1132 546 1174 spiritualia
569 1132 748 1164 exercitia
770 1131 928 1172 peragit,
953 1132 989 1163 et
1013 1131 1052 1163 in
1076 1130 1261 1163 Societate
1283 1130 1408 1162 vivere
1432 1129 1589 1165 statuit:
1615 1129 1654 1161 in
1678 1128 1748 1161 col-

110 1187 249 1229 legium
273 1195 466 1218 romanum
489 1185 549 1218 die
564 1186 584 1217 3
606 1185 774 1217 Ianuarii
799 1185 879 1216 1556
902 1184 1017 1217 venit.
1043 1184 1079 1216 et
1102 1184 1162 1216 die
1190 1184 1229 1215 12
1251 1182 1351 1225 Sept.
1376 1183 1541 1215 eiusdem
1567 1182 1658 1214 anni
1682 1182 1747 1214 Pa-

111 1240 255 1273 tavium
278 1240 454 1271 mittitur.
480 1238 532 1271 Cf.
557 1238 733 1271 Menum.
757 1237 889 1279 Iynat.
914 1246 985 1270 ser.
1012 1238 1079 1276 la,
1105 1237 1148 1275 Χ,
1173 1237 1280 1276 90-91,
1307 1237 1378 1275 1502,
1403 1236 1474 1275 184,
1492 1236 1564 1275 230,
1583 1236 1655 1275 231,
1673 1236 1745 1275 383,

111 1294 193 1333 391;
218 1293 385 1325 Polancz'
423 1292 577 1333 Compl„
610 1291 654 1325 ΙΙ.
683 1292 756 1331 582,
791 1291 863 1323 589.
889 1290 993 1331 Quod
1028 1290 1165 1323 Romae
1199 1289 1422 1322 Societatem
1456 1290 1651 1331 ingressus
1685 1289 1746 1328 sit,

111 1347 352 1380 confirmatur
374 1356 419 1379 ex
446 1346 712 1387 epigrammate
736 1345 834 1386 quod
859 1345 990 1386 paucis
1013 1345 1101 1376 ante
1124 1344 1279 1376 mortem
1302 1343 1494 1375 mensibus
1518 1343 1588 1375 sub
1612 1343 1745 1375 titulo:

114 1413 130 1430 «
147 1400 294 1442 Virgini
318 1400 426 1432 Matri
451 1399 665 1432 Gratiarum
687 1398 824 1431 Votum
841 1411 856 1427 »
883 1398 1047 1439 scripsit,
1073 1397 1112 1429 in
1135 1406 1209 1439 quo
1232 1396 1324 1429 11660
1351 1396 1559 1429 habentur:

359 1470 474 1513 Virgo
497 1470 666 1503 Recineti
689 1469 793 1502 bivia
815 1478 910 1511 quae
933 1469 1029 1501 valle
1051 1469 1228 1510 quiescis,

443 1523 572 1556 Gratia
595 1524 656 1556 cui
680 1523 812 1555 merito
835 1523 994 1555 Nomina
1016 1523 1124 1554 tanta
1147 1521 1261 1554 dedit.

362 1578 442 1611 Huc
466 1587 547 1610 mea
569 1587 627 1610 me
650 1577 817 1619 genitrix
840 1577 971 1618 primis
994 1577 1065 1609 tibi
1088 1576 1198 1609 duxit
1222 1576 1261 1608 in
1285 1576 1409 1615 annis,

442 1631 626 1664 Parvulus
650 1631 711 1663 1110
735 1631 849 1663 11111101
873 1631 994 1672 prima
1016 1630 1200 1662 elementa
1226 1638 1330 1671 puer.

363 1685 455 1718 Dein
480 1684 681 1717 Lauretani
705 1684 804 1716 colui
827 1684 1008 1716 miracula
1032 1683 1187 1724 Templi,

444 1738 488 1771 Et
511 1738 629 1770 cecini
653 1737 783 1770 laudes
806 1737 939 1769 inclita
961 1737 1075 1778 Virgo
1099 1738 1197 1769 tuas.

363 1791 459 1824 Hinc
483 1791 529 1824 ad
552 1791 711 1824 Romani
734 1791 897 1833 processi
921 1790 1095 1832 Tybridis
1119 1789 1261 1829 Arcem,

443 1845 487 1878 Et
511 1845 715 1877 Vaticanae
738 1845 871 1877 limina
893 1853 1000 1876 sacra
1024 1844 1173 1876 Domus.

362 1898 431 1931 Hic
455 1908 511 1931 me
535 1899 704 1930 terrenae
727 1897 970 1930 meditantem
994 1897 1133 1939 gaudia
1156 1897 1269 1936 vitae,

444 1952 500 1984 Ad
522 1952 621 1984 bona
643 1952 686 1984 tu
708 1951 823 1993 Virgo
847 1960 921 1983 non
945 1951 1113 1992 peritura
1136 1959 1259 1982 vocas.

361 2006 628 2047 Errantemque
652 2005 815 2037 animam
839 2005 956 2037 radiis
980 2004 1204 2037 coelestibus
1228 2003 1372 2045 imples,

444 2060 488 2092 Et
512 2069 660 2092 servum
683 2059 770 2091 Nati
793 2068 850 2091 me
872 2059 966 2091 facis
989 2067 1071 2091 esse
1094 2058 1192 2090 tui...

196 2138 273 2170 Hoc
306 2138 536 2180 epigramma
569 2137 763 2169 invenitur
795 2137 835 2168 in
859 2136 938 2169 cod.
980 2135 1110 2168 Vocat.
1146 2135 1297 2167 illustr.
1324 2134 1351 2174 I,
1376 2134 1399 2167 f.
1426 2135 1497 2174 158,
1530 2134 1642 2166 simul
1665 2143 1750 2166 011111

113 2191 250 2224 litteris
274 2191 312 2224 P.
327 2191 425 2224 Petri
450 2190 536 2223 Ant.
561 2190 730 2232 Spinelli,
756 2190 878 2222 Patris
894 2189 1087 2222 Michaelis
1111 2190 1151 2222 in
1174 2189 1335 2231 regendo
1358 2189 1514 2230 collegio
1538 2188 1750 2229 germanico

114 2245 353 2284 successoris,
390 2244 490 2277 datis
524 2244 678 2285 Neapoli
708 2244 768 2276 die
790 2244 832 2276 20
864 2244 1027 2285 Augusti
1066 2243 1158 2281 1610,
1184 2243 1229 2275 611
1263 2242 1301 2275 P.
1327 2242 1523 2274 Octavium
1554 2241 1749 2274 Lorenzini

113 2298 251 2331 Romae
278 2298 484 2340 degentem,
509 2298 550 2330 in
572 2298 711 2340 quibus
745 2297 863 2329 multa
886 2297 930 2329 de
958 2297 995 2328 P.
1021 2296 1200 2329 Michaele
1222 2297 1363 2329 narrat.
1396 2295 1553 2328 Michael
1576 2295 1751 2327 Laureta-

113 2361 185 2384 nus
209 2352 382 2384 censetur
404 2352 445 2384 in
468 2352 637 2393 catalogo
661 2351 808 2393 collegii
832 2351 1002 2392 patavini
1026 2350 1166 2382 mensis
1189 2350 1290 2382 Iunii
1308 2350 1400 2389 1557,
1419 2349 1459 2381 in
1482 2349 1591 2381 catal.
1610 2348 1750 2381 mensis

113 2405 281 2438 Ianuarii
319 2406 355 2437 et
389 2405 528 2437 mensis
551 2405 692 2446 Aprilis
731 2405 813 2437 1560
849 2405 944 2443 (0011.
981 2404 1192 2445 Informat.
1227 2403 1366 2444 antiq„
1406 2412 1469 2435 nn.
1501 2403 1552 2435 57.
1591 2403 1642 2441 60,
1681 2402 1748 2443 61).

114 2459 156 2491 111
179 2459 348 2500 catalogo
383 2459 523 2500 scripto
547 2458 616 2491 sub
640 2458 750 2490 finem
784 2458 924 2491 mensis
948 2457 1088 2499 Aprilis
1113 2458 1194 2489 1560
1223 2457 1289 2498 (ih.
1314 2467 1351 2489 n.
1375 2457 1431 2497 60)
1455 2456 1499 2488 de
1522 2465 1564 2488 eo
1588 2456 1747 2488 dicitur:

116 2512 207 2545 «Μ.ο
229 2512 383 2545 Michele
407 2512 564 2544 116116110
587 2512 634 2544 116
656 2511 858 2544 Reccanati
883 2513 1043 2543 maestro
1066 2510 1305 2543 d’humanita
1320 2511 1358 2542 di
1375 2509 1435 2542 eta
1459 2510 1496 2542 di
1520 2510 1560 2541 24
1583 2509 1673 2541 anni
1698 2508 1751 2551 [in

115 2565 223 2598 catal.
248 2566 388 2598 mensis
405 2565 573 2598 Ianuarii
596 2565 735 2597 dictum
754 2565 834 2597 erat
857 2565 962 2597 illum
986 2564 1123 2597 habere
1138 2565 1178 2596 22
1201 2564 1338 2596 aetatis
1362 2563 1506 2604 annos]‚
1531 2561 1637 2594 entro
1654 2562 1752 2595 nella

115 2618 343 2660 Compagnia
366 2619 405 2651 in
429 2619 547 2651 Roma
569 2619 606 2651 et
629 2617 648 2651 6
671 2619 770 2651 31610
794 2619 833 2650 111
856 2618 980 2660 quella
997 2619 1095 2650 circa
1111 2619 1131 2650 5
1147 2618 1282 2650 anni».
1300 2617 1338 2650 P.
1357 2617 1488 2649 Petrus
1504 2616 1590 2648 Ant.
1610 2615 1751 2657 Spinel-

113 2672 172 2704 lus
196 2672 235 2704 in
259 2672 368 2713 epist.
387 2673 561 2714 superius
585 2672 701 2704 citata
724 2671 838 2704 dicit:
860 2684 876 2700 «
893 2671 960 2704 Lui
985 2681 1048 2704 era
1071 2671 1115 2703 de
1138 2671 1283 2712 origine
1307 2670 1354 2703 da
1370 2669 1567 2708 Dalmatia,
1586 2678 1646 2701 ma
1662 2670 1750 2701 nato

114 2726 154 2758 in
177 2725 287 2758 Italia
310 2725 490 2758 Recanati
514 2738 544 2758 ».
562 2725 600 2758 P.
615 2725 772 2758 Iacobus
796 2725 1025 2766 Borghesius
1042 2725 1081 2756 in
1105 2725 1214 2766 epist.
1239 2725 1328 2757 data
1352 2723 1511 2756 Laureto
1534 2723 1594 2755 die
1611 2723 1650 2755 19
1666 2721 1752 2764 Sep-

114 2779 269 2811 tembris
292 2779 382 2811 anni
407 2779 485 2811 1601
511 2779 555 2811 ad
574 2778 611 2811 Ρ.
630 2778 707 2811 001.
727 2778 922 2811 Lorenzini
946 2778 1042 2820 (cod.
1067 2777 1197 2810 Vocat.
1215 2777 1341 2809 illust.
1360 2777 1387 2815 Ι,
1405 2776 1428 2809 f.
1450 2777 1524 2814 159)
1548 2775 1661 2808 dicit:
1689 2776 1751 2808 «Il

115 2831 153 2865 P.
178 2832 335 2865 Michael
358 2831 377 2864 e
401 2833 489 2864 nato
513 2832 552 2864 in
575 2832 756 2864 Recanati
780 2832 817 2863 di
841 2832 987 2873 parenti
1011 2831 1189 2863 Albanesi
1212 2844 1242 2864 ».
1268 2830 1312 2863 Et
1335 2830 1396 2862 hic
1419 2830 1570 2872 quidem
1594 2829 1686 2861 dicit
1712 2838 1752 2862 se

114 2884 232 2918 fuisse
255 2885 482 2927 discipulum
505 2885 543 2918 P.
568 2885 761 2918 Michaelis
785 2885 959 2917 Forolivii
984 2885 1082 2917 circa
1108 2894 1248 2917 annum
1273 2884 1365 2923 1562,
1390 2884 1426 2916 et
1449 2884 1579 2925 postea
1602 2883 1751 2915 novisse

115 2939 311 2981 quemdam
334 2939 437 2972 illius
461 2949 679 2981 germanum
701 2939 852 2971 fratrem
875 2939 1039 2971 Laureti.
1075 2938 1146 2979 Qui
1170 2939 1302 2971 dicunt
1325 2938 1362 2970 P.
1381 2937 1597 2970 Michaelem
1620 2937 1751 2969 natum

115 2992 156 3024 in
179 2992 376 3031 Dalmatia,
395 2993 583 3026 nescimus
606 2993 746 3035 quibus
769 2992 1023 3025 fundamentis
1046 2992 1264 3025 fulciantur.
1296 2991 1339 3023 In
1361 2990 1524 3033 quadam
1546 2990 1684 3022 notitia
1706 2990 1751 3022 de

115 3045 197 3078 eius
220 3046 300 3078 vita
322 3047 359 3078 et
381 3046 548 3078 moribus
572 3047 712 3088 scripta
748 3047 847 3078 circa
870 3055 1011 3078 annum
1037 3046 1117 3078 1577
1140 3045 1242 3087 (nam
1266 3045 1402 3077 asserit
1425 3053 1510 3077 eum
1532 3053 1614 3076 esse
1637 3044 1751 3076 recto-

115 3108 192 3131 rem
214 3100 302 3132 novi
325 3100 473 3141 collegii
496 3100 701 3142 germanici
725 3100 800 3132 iam
823 3109 845 3132 a
867 3100 1031 3141 quatuor
1053 3100 1180 3139 annis)
1196 3099 1337 3132 dicitur
1358 3099 1527 3140 illyricus
1551 3099 1587 3130 et
1610 3098 1751 3140 ingres-

115 3161 182 3184 sus
205 3152 427 3186 Societatem
451 3153 602 3186 Laureti
626 3162 724 3186 anno
749 3154 840 3186 1554.
866 3152 969 3195 (Cod.
994 3153 1104 3185 Rom.
1133 3152 1213 3186 78.b
1233 3162 1269 3185 n.
1296 3152 1382 3193 117).
