2028 3531
326 275 388 307 10⁸
794 277 994 315 LlTTERAE
1028 281 1373 325 QuAnmmaswws

1030 509 1144 557 480

656 655 708 705 P.
770 657 1094 708 lOSEPl-IUS
1156 660 1502 710 FABRICIUS

773 804 944 830 xmpom
969 796 1010 830 18
1038 806 1223 832 IANUARII
1259 797 1339 832 1501
1371 799 1394 833 ¹.

263 912 301 946 1.
333 908 565 948 Sociorum
586 923 815 951 numerus.
834 913 885 951 P.
912 914 1094 952 Maclrid
1123 916 1357 964 colleytum
1383 918 1550 956 visitat.
1578 940 1622 944 —-
1646 923 1686 958 2.
1709 920 1759 959 P.
1785 922 1887 960 Rec-

373 975 482 1013 tore's
525 977 564 1014 et
607 977 805 1016 alioruin
847 979 1041 1018 humilia
1083 982 1309 1020 exercitia.
1355 983 1452 1021 Duo
1495 985 1743 1024 sacerdotes
1786 999 1886 1025 cuin

373 1040 619 1079 nzitltormn
635 1042 799 1081 solacio
820 1045 1019 1092 primum
1042 1045 1187 1083 litant.
1212 1068 1256 1072 —
1291 1050 1331 1084 3.
1357 1046 1599 1087 Canditati.
1626 1071 1671 1076 —
1691 1054 1735 1089 4.
1758 1050 1884 1090 Scho-

371 1105 521 1144 Iarmn
550 1107 697 1145 status
737 1108 914 1156 florens.
962 1109 1202 1149 Sollemnis
1231 1112 1488 1151 studiorum
1514 1115 1802 1154 instauratio.
1835 1139 1885 1143 —

368 1173 410 1208 5.
440 1171 491 1210 Ρ,
522 1170 801 1211 Salmeronis
844 1176 1081 1213 contiones.
1116 1176 1328 1226 Proreyis
1357 1190 1464 1227 erya
1497 1190 1597 1218 eum
1637 1180 1886 1220 benevolen-

369 1235 444 1273 tae'a.
494 1236 708 1275 Doctrina
751 1238 999 1277 christiana
1042 1241 1307 1290 explicatur.
1356 1264 1403 1269 —
1447 1247 1488 1281 6.
1527 1243 1780 1284 Concursus
1827 1247 1885 1285 ad

365 1302 649 1340 sacramenta
677 1303 900 1352 frequens,
932 1307 1127 1343 maxime
1147 1306 1331 1345 iubilaei
1352 1310 1590 1348 occasione.
1623 1332 1670 1336 —
1705 1314 1744 1349 7.
1767 1311 1885 1350 Socii

369 1365 461 1402 tum
506 1367 711 1415 aegrotis,
746 1368 839 1405 tum
881 1370 1175 1409 incarceratis
1217 1372 1438 1411 solacium
1467 1374 1506 1412 et
1536 1376 1776 1423 spirituale
1806 1389 1883 1415 au-

364 1429 531 1468 xilium
574 1431 691 1479 ferre
734 1433 967 1472 conantur.
1000 1456 1049 1460 —
1079 1439 1120 1472 8.
1155 1435 1329 1474 Civium
1372 1450 1478 1487 erga
1520 1441 1661 1478 socios
1708 1440 1882 1480 benevo-

369 1493 518 1532 tentia.

368 1628 400 1666 1.
433 1628 461 1677 ἦ
493 1628 566 1667 lhs
596 1629 686 1668 Pax
717 1630 784 1669 Xfi
826 1632 959 1670 Molto
1000 1632 1094 1672 R.‘¹0
1126 1634 1169 1672 in
1202 1635 1278 1674 X.0
1314 1636 1465 1676 Padre.
1497 1637 1657 1678 Poiehe
1688 1651 1776 1679 non
1806 1652 1880 1690 po-

258 1692 374 1730 temo
404 1692 595 1732 scriuere
624 1705 648 1732 3
680 1694 729 1734 V.
764 1696 813 1735 R.
849 1697 894 1735 P.
928 1697 959 1735 il
991 1700 1141 1738 nostro
1175 1700 1495 1750 quadrimestre
1525 1702 1568 1741 di
1602 1704 1733 1743 molle
1762 1716 1876 1751 cose,

255 1767 377 1795 come
408 1757 644 1805 uorriamo,
678 1759 842 1799 faremo
872 1762 952 1801 che
981 1763 1129 1812 quello
1159 1764 1225 1803 sia
1255 1765 1297 1803 di
1331 1766 1468 1816 poche
1506 1768 1670 1817 parole,
1711 1772 1878 1820 quanto

257 1820 332 1870 piu
364 1824 573 1871 potremo.
621 1823 753 1873 Quiui
785 1826 823 1865 ei
854 1829 1056 1866 trouamo
1099 1829 1140 1867 al
1188 1833 1386 1879 presente
1416 1832 1460 1870 in
1501 1835 1615 1872 tutto
1652 1834 1767 1874 eirea
1795 1836 1874 1874 40:

255 1885 374 1925 dieoe
404 1888 636 1934 sacerdoti,
668 1890 731 1929 sei
764 1892 956 1939 mae-stri,
989 1895 1030 1932 et
1060 1894 1216 1934 undeei
1248 1896 1435 1936 scolari:
1478 1897 1508 1936 li
1538 1898 1638 1938 altri
1670 1900 1780 1939 bene
1809 1912 1878 1940 oe-

254 1951 401 2001 cupati
433 1951 478 1990 in
508 1953 609 1992 altri
654 1955 865 2006 essereitij
898 1957 1013 1996 della
1044 1958 1328 2010 Compagnia.
1364 1961 1413 2001 Et
1443 1964 1479 2001 si
1518 1974 1641 2002 come
1669 1967 1825 2015 questo
1853 1966 1876 2005 e

255 2015 381 2054 facile
424 2016 517 2056 dire
559 2018 629 2057 del
677 2031 876 2064 numero.
908 2024 997 2061 cosi
1044 2035 1133 2062 non
1163 2024 1185 2063 e
1216 2026 1426 2075 possibile
1469 2027 1562 2067 dire
1595 2029 1726 2079 quale
1756 2030 1875 2070 uirtu

253 2091 362 2119 sono
392 2081 435 2119 (li
479 2082 581 2121 tutti
613 2083 625 2121 i
670 2084 830 2124 fratelli
875 2086 1058 2133 charite.
1091 2088 1357 2137 obedientia,
1403 2091 1625 2140 humilita,
1662 2094 1874 2144 patientia

252 2146 291 2183 et
322 2145 431 2184 altre
460 2146 612 2187 simili.
645 2148 784 2198 Quale
814 2162 974 2190 ancora
1005 2152 1035 2190 il
1068 2153 1163 2192 R.‘¹0
1196 2155 1237 2194 P.
1270 2155 1438 2195 Madrid
1468 2158 1482 2180 2
1514 2157 1569 2196 ha
1599 2159 1870 2203 conosoiuto,

252 2221 340 2248 non
370 2221 500 2249 senza
544 2213 848 2253 consolatione
878 2227 958 2254 sua
988 2218 1029 2255 et
1058 2217 1102 2255 di
1134 2220 1247 2257 tutto
1276 2223 1432 2270 questo
1461 2222 1662 2273 collegio,
1694 2225 1873 2274 quando

252 2274 296 2311 su
328 2273 454 2323 quiui
485 2287 509 2313 3
541 2276 737 2315 uisitarei
783 2281 939 2328 questo
968 2291 1086 2319 anno
1117 2280 1163 2320 in
1193 2293 1322 2321 nome
1352 2284 1394 2322 di
1427 2285 1477 2324 V.
1512 2286 1561 2325 R.
1596 2286 1660 2331 P..
1692 2289 1734 2326 et
1763 2290 1872 2327 stete

249 2348 332 2376 con
377 2338 449 2377 noi
481 2339 556 2389 piu
587 2352 612 2378 0
645 2352 772 2380 meno
814 2342 857 2381 di
906 2355 992 2382 uno
1023 2356 1154 2394 mese,
1187 2347 1473 2388 edificandoei
1517 2362 1613 2390 eon-
1644 2352 1791 2402 parole
1829 2355 1871 2392 et

249 2413 330 2440 con
373 2404 591 2454 essempio
622 2405 667 2443 in
698 2406 758 2445 tal
804 2407 946 2453 modo,
978 2409 1058 2448 ohe
1089 2422 1177 2449 non
1206 2413 1295 2451 cosi
1339 2416 1483 2463 presto
1514 2415 1554 2454 la
1585 2417 1794 2455 memoria
1825 2417 1868 2456 di

247 2477 346 2504 esso
377 2466 421 2505 in
451 2470 609 2518 questo
639 2469 826 2520 collegio
858 2471 913 2510 ha
943 2472 998 2511 da
1031 2485 1248 2515 mancare.

327 2530 364 2569 εὶ.
387 2530 491 2575 Hor.
512 2543 586 2582 per
602 2533 754 2572 uenire
770 2534 855 2574 alle
871 2547 970 2575 cose
990 2540 1150 2584 nostre,
1174 2538 1204 2577 il
1225 2540 1270 2579 P.
1297 2541 1471 2581 Rettore
1501 2545 1515 2565 3
1542 2544 1600 2583 ha
1628 2544 1731 2583 dato
1753 2545 1868 2584 bono

308 2731 316 2747 ¹
342 2729 392 2760 Ex
416 2731 559 2771 autogr.
596 2733 636 2763 ut
660 2733 818 2772 videtur,
854 2735 892 2766 in
927 2736 1050 2768 codiee
1085 2737 1207 2778 Xealt.
1237 2739 1306 2771 1513
1339 2740 1479 2782 (Neup.
1515 2742 1609 2773 Litt.
1643 2742 1745 2775 Ami.
1774 2745 1866 2776 1557-

247 2782 341 2819 1584)
364 2783 382 2813 Q
404 2782 453 2821 ff..
478 2783 528 2823 Q,
554 2785 593 2816 23
616 2786 702 2825 (215,
721 2787 807 2826 216).
835 2787 1024 2820 Praecedit
1047 2790 1148 2822 aliud
1173 2792 1380 2833 exemplum
1407 2794 1535 2826 italum
1560 2796 1598 2827 in
1621 2795 1657 2828 ff.
1676 2797 1782 2829 20-21.
1802 2797 1865 2829 Est

244 2835 364 2866 versio
398 2835 515 2867 latina
549 2837 586 2868 in
621 2838 698 2870 eod.
735 2839 824 2872 Ital.
851 2840 932 2873 117.
958 2841 992 2873 ff.
1027 2842 1133 2874 36-37.
1171 2843 1233 2875 Est
1256 2845 1367 2877 etiam
1391 2848 1544 2888 exempl.
1571 2849 1609 2880 in
1633 2849 1771 2882 archiv.
1809 2859 1865 2882 eo-

245 2887 379 2919 lonien.
406 2888 585 2927 (HANSEN,
610 2890 631 2922 l.
657 2900 688 2923 e.
719 2892 806 2931 766).

305 2943 316 2959 ²
340 2940 375 2972 P.
401 2941 692 2984 Christophorus
716 2945 868 2978 Madrid.
894 2946 1051 2979 Mensem
1077 2948 1267 2982 Octobrem
1297 2951 1374 2983 1560
1397 2952 1545 2994 Neapoli
1571 2956 1607 2986 et
1634 2954 1745 2987 Nolae
1776 2955 1858 2988 fuit.

243 2993 293 3024 Cf.
323 2993 442 3034 Epist.
468 2994 510 3027 P.
536 2996 793 3032 Salineronis.
817 2998 844 3037 Ι,
869 2999 940 3035 406,
965 3000 1036 3032 417.

305 3048 316 3064 ³
343 3046 375 3078 Ρ.
403 3046 692 3089 Christophorus
715 3050 759 3081 de
782 3051 966 3084 Mendoza.
