2028 3531
302 274 375 310 340
782 274 986 311 LITTERAE
1014 276 1358 319 QUADmMEsrnEs

255 392 510 435 celebrauit.
541 393 763 444 semelque
784 393 829 432 in
850 393 1156 432 anniuersaria
1186 391 1256 429 die
1285 389 1631 429 consecrationis
1660 390 1874 441 eiusdem.

256 469 387 509 quam
420 458 513 508 ipse
541 458 692 508 elapso
721 469 839 497 anno
868 458 1127 496 confecerat.
1176 456 1277 494 Alio
1306 455 1438 494 etiam
1469 454 1539 493 die
1570 455 1694 504 festo,
1727 454 1879 494 Abbas

255 521 435 572 quidam
466 533 517 561 ex
549 522 771 572 primariis
801 521 935 571 hujus
966 521 1088 571 regni
1119 522 1130 543 ¹
1162 519 1236 570 qui
1268 521 1309 557 et
1339 530 1420 557 nos
1449 518 1610 568 diligit,
1633 529 1807 558 sacrum
1830 518 1874 557 in

256 586 420 637 templo
451 588 601 626 nostro
643 586 885 625 solenniter
915 586 1027 624 fecit.
1078 586 1119 623 Is
1148 596 1245 623 eum
1282 584 1406 621 Patre
1451 582 1632 622 Rectore
1663 583 1879 622 instanter

256 653 360 703 egit,
395 654 437 691 vt
466 652 551 691 sibi
590 652 678 691 duo
707 663 759 691 ex
790 651 997 690 Patribus
1040 650 1250 689 darentur
1293 648 1344 687 ad
1380 648 1558 686 verbum
1602 647 1679 687 Dei
1710 647 1879 698 praedi-

256 717 446 758 candum
477 718 519 756 et
538 716 825 756 christianam
856 715 1124 755 edocendum
1156 713 1400 753 doctrinam
1424 712 1469 751 in
1491 712 1668 762 populis
1695 712 1879 751 ditionis

259 781 416 833 ipsius,
447 781 522 832 qui
554 781 599 820 in
645 780 866 819 montanis
895 779 968 818 sili
1000 781 1118 821 sunt.
1151 780 1191 816 et
1221 788 1329 827 gens
1366 777 1440 815 illa
1471 776 1648 826 quidem
1681 776 1879 827 indigen—

258 846 430 885 tissima
460 856 609 884 sacrae
638 844 864 883 doctrinae
893 855 988 883 esse
1017 841 1313 893 cognoscitur.
1345 843 1385 879 et
1418 840 1545 879 Pater
1578 841 1736 880 Rector
1765 840 1879 879 votis

258 910 382 950 illius
424 909 612 949 libenter
640 909 812 955 annuit,
858 920 957 947 cum
1003 907 1223 957 intelligat
1268 906 1448 944 l'atrum
1494 905 1749 944 missionem
1789 904 1878 944 Deo

258 974 358 1026 opt.
392 975 503 1014 Max.
536 973 832 1025 gratissimam
864 984 959 1012 esse
990 974 1199 1011 futuram.

341 1040 404 1078 15.
437 1038 529 1079 Sub
560 1038 684 1077 festis
713 1037 999 1088 paschalibus
1032 1038 1131 1075 vota
1162 1037 1313 1074 nostra
1333 1034 1478 1074 solitis
1507 1037 1549 1073 et
1576 1034 1878 1074 consolatione

256 1105 301 1143 et
343 1103 473 1142 modo
515 1102 847 1148 renouauimus,
895 1103 1128 1152 postquam
1177 1111 1331 1138 omnes
1392 1098 1639 1149 generalem
1695 1109 1877 1137 suorum

258 1170 535 1219 peccatorum
564 1167 886 1206 confessionem
917 1165 1252 1216 praemiserunt.
1298 1163 1480 1215 [Preces
1503 1161 1743 1214 postulatJ.
1777 1161 1879 1202 Cae-

257 1234 547 1283 saraugustae
579 1232 628 1270 14
656 1231 809 1270 Kalen.
841 1230 962 1279 Junij
995 1241 1066 1268 an.
1103 1229 1218 1268 1561.
1252 1229 1302 1268 R.
1337 1228 1384 1268 P.
1418 1227 1465 1267 T.
1501 1227 1622 1267 filius
1650 1229 1692 1266 et
1721 1238 1878 1266 seruus

258 1298 303 1337 in
335 1296 524 1337 Christo.
558 1296 619 1335 Ex
648 1295 959 1335 commissione
990 1294 1134 1333 Patris
1165 1293 1354 1332 Romani
1386 1292 1598 1332 Rectoris.

1564 1364 1569 1382 l

364 1422 662 1462 Desideratur
689 1421 938 1469 inscriptio.
1355 1390 1641 1456 Hfflnomiw'ms
1673 1416 1764 1455 Ros
1793 1417 1822 1455 2'.

1015 1634 1125 1683 532

631 1775 923 1826 IOANNES
972 1774 1240 1824 PAULUS
1289 1772 1504 1823 OLIVA

801 1899 974 1925 PERUSIA
999 1888 1045 1923 023
1072 1898 1161 1923 MA11
1195 1888 1281 1923 1561
1310 1888 1336 1923 3.

257 2020 297 2054 1.
328 2013 559 2053 Sociorum
588 2022 818 2049 numerus.
853 2008 1114 2047 Scholastici
1142 2009 1190 2046 in
1231 2008 1394 2046 litteris
1424 2008 1462 2046 et
1489 2008 1651 2057 pietate
1673 2020 1880 2057 progres-

366 2090 445 2117 sus
473 2077 658 2126 faciunt.
692 2097 741 2101 —
772 2078 814 2112 2.
846 2073 1101 2112 Sacerdotes
1131 2073 1442 2117 contionando,
1475 2073 1771 2121 confessiones
1801 2085 1878 2111 au-

367 2142 539 2187 diendo,
586 2141 777 2188 aliisque
822 2138 1044 2176 laboribus
1074 2150 1163 2176 non
1206 2137 1507 2186 spernendum
1536 2138 1735 2185 fructum
1764 2138 1881 2176 colli·

365 2208 490 2258 gunt.
516 2206 625 2245 Odia
644 2203 1010 2253 eocstinyuuntur.
1035 2203 1195 2251 Inopes
1217 2202 1509 2240 adiuvantur.
1532 2202 1803 2251 Desperatus
1824 2202 1880 2240 ad

360 2283 515 2322 pacem
544 2269 671 2308 redit.
701 2290 751 2294 -—
782 2271 822 2306 3.
853 2268 1084 2305 Excursus
1115 2266 1171 2304 ad
1200 2268 1348 2304 vicina
1380 2267 1488 2304 loca.
1524 2266 1699 2304 Parum
1728 2267 1880 2304 hones·

367 2338 436 2375 tae
477 2334 740 2374 saltationes
783 2332 1104 2381 impediuntur.
1151 2331 1326 2369 Detenti
1364 2332 1411 2369 in
1450 2331 1664 2369 custodiis
1689 2331 1880 2380 publicis

347 2394 670 2440 sublevantur.
717 2398 768 2436 P.
801 2397 959 2435 Rector
988 2398 1035 2434 in
1080 2397 1311 2445 virginmn
1341 2396 1557 2435 coenobiis
1595 2396 1881 2434 contionatur

366 2468 404 2505 et
435 2465 730 2514 confessiones
759 2461 899 2501 audit.
927 2483 970 2486 —
991 2465 1034 2499 4.
1061 2460 1183 2499 Cives
1205 2461 1575 2499 benevolentiores
1603 2472 1710 2510 crya
1739 2462 1880 2499 socios

365 2531 515 2580 effecti.
559 2529 803 2578 Episcopus
847 2528 894 2564 in
938 2526 1122 2564 dioecesi
1161 2526 1390 2564 visitanda
1427 2527 1465 2563 et
1511 2525 1683 2564 clericis
1711 2527 1879 2564 exami—

364 2595 532 2635 nandis
560 2594 718 2632 Patris
746 2592 947 2630 Rectoris
977 2591 1149 2628 auoeilio
1179 2590 1339 2628 utitur.
1381 2612 1431 2616 —
1461 2594 1503 2628 5.
1534 2591 1632 2629 Duo
1662 2591 1710 2629 in
1740 2589 1880 2629 Socie-

367 2661 500 2699 tatem
531 2658 720 2697 admissi
734 2670 748 2703 ;
777 2656 947 2704 duoque
977 2655 1059 2693 alii
1089 2655 1171 2692 cito
1212 2655 1476 2694 admittendi
1504 2655 1727 2693 videntur.

322 2794 333 2813 ¹
355 2793 397 2825 In
420 2793 529 2834 epist.
553 2790 775 2830 Caesaraug.
811 2788 870 2820 die
895 2788 933 2819 102
955 2787 1121 2819 Ianuarii
1146 2788 1226 2819 1562
1248 2788 1346 2827 data,
1372 2787 1511 2820 dicitur
1540 2787 1644 2820 illum
1667 2796 1748 2819 esse
1770 2787 1880 2819 abba-

258 2847 334 2879 tem
357 2843 573 2878 monasterii
606 2841 833 2880 assanensis,
858 2849 925 2873 seu
958 2840 1025 2873 Sti.
1049 2840 1268 2880 Victoriam,
1293 2850 1368 2882 qua
1390 2841 1574 2882 dignitate
1597 2840 1677 2872 tum
1702 2840 1879 2881 temporis

260 2899 467 2940 insignitus
500 2897 579 2930 erat
601 2895 774 2928 dominus
798 2894 955 2926 Ioannes
977 2893 1021 2925 de
1044 2892 1185 2925 Pomar.
1210 2892 1262 2925 Cf.
1287 2893 1395 2926 SAmz
1419 2902 1463 2925 Dm
1486 2893 1685 2926 BARANDA:
1715 2892 1879 2934 Espana

258 2951 460 2993 Sagrada,
484 2951 526 2982 48
547 2949 637 2991 (Sta.
662 2947 797 2989 Iglesia
819 2947 863 2979 de
886 2945 1113 2986 Barbastro),
1138 2955 1172 2986 p.
1199 2946 1269 2979 168.

322 3006 334 3024 ²
356 3003 449 3036 Vide
472 3003 566 3035 Litt.
595 3001 800 3041 Quadi-im.
825 2999 885 3039 VI,
909 2999 981 3031 465.

321 3059 335 3077 ³
356 3057 409 3089 Ex
431 3057 575 3097 autogr.
601 3055 639 3086 in
663 3053 741 3087 cod.
766 3053 873 3085 Rom.
898 3051 971 3084 126
993 3051 1038 3087 A,
1064 3051 1087 3084 f.
1114 3052 1194 3092 1443
1226 3053 1330 3093 prius
1354 3053 1424 3085 164.
