2028 3531
464 277 545 315 563.
571 298 614 304 —
642 278 917 316 Inconsumo
945 278 962 314 1
992 277 1248 315 Ssspmussms
1276 277 1363 313 1561
1616 277 1686 314 465
1743 325 1746 327 -

100 398 342 450 praebuere
372 397 679 438 attentionem.
712 396 837 438 R.di⁵³
875 396 1112 448 episcopus
1141 395 1477 447 eystattensis1,
1509 395 1640 436 nobis
1670 394 1733 434 vi-

98 463 244 511 cinus,
274 464 319 503 et
347 462 484 504 huius
513 463 791 504 accademiae
822 462 1133 509 cancellarius,
1165 473 1192 500 a
1221 460 1390 501 nostris
1427 460 1736 511 superioribus

99 540 243 580 nuper
269 528 514 576 contendit,
546 530 593 568 vt
621 529 858 580 collegium
901 528 985 568 hoc
1027 527 1271 579 susciperet
1311 538 1463 567 curam
1503 526 1651 567 alendi
1694 528 1737 566 et

100 593 366 634 instituendi
398 594 447 633 12
470 593 664 645 ,iuuenes
706 594 949 642 studiosos,
991 604 1106 644 quos
1136 592 1183 633 in
1213 591 1364 633 studio
1402 592 1524 632 fouet
1562 592 1737 632 futuros

99 659 387 700 ecclesiarum
416 671 601 700 suarum
632 659 863 700 ministros
891 670 971 699 seu
1000 660 1215 710 pastores.
1257 658 1445 698 Multum
1475 657 1595 698 enim
1625 657 1734 708 ipse,

102 725 149 764 vt
176 725 219 764 et
247 723 322 776 alij
355 724 445 764 fere
475 724 740 779 Germaniae
760 723 961 777 praelati,
985 723 1142 765 tribuit
1162 725 1418 770 nostrorum
1439 724 1481 762 et
1510 722 1738 762 doctrinae

101 791 145 829 et
172 789 275 829 fidei
296 789 343 829 in
363 789 607 830 erudienda
628 792 671 830 et
690 789 932 830 excolenda
956 789 1219 841 juuentute;
1252 789 1291 828 is
1321 788 1459 840 igitur
1487 800 1576 841 quo
1605 799 1738 827 suum

101 866 206 906 erga
235 866 318 894 nos
347 866 541 894 amorem
575 857 825 903 testaretur,
858 854 1085 906 praecioso
1104 856 1148 894 et
1168 855 1440 905 peruenusto
1462 853 1635 893 missali
1656 863 1739 892 nos

102 920 304 967 donauit,
336 922 378 960 et
406 920 496 960 alia
526 920 738 972 pleraque
767 919 1106 960 beneuolentiae
1135 919 1264 971 signa
1294 918 1554 959 declarauit.

183 985 221 1025 5.
254 984 442 1025 Scholae
471 987 655 1034 veteres,
686 985 733 1025 in
763 985 928 1037 quibus
963 985 1180 1025 hactenus
1208 984 1351 1024 nostri
1381 983 1507 1035 pueri
1537 983 1742 1023 solebant

103 1050 296 1098 institui,
327 1051 611 1091 commodum
643 1051 853 1102 praebent
882 1050 1014 1090 nobis
1044 1049 1341 1098 refectorium,
1373 1049 1444 1089 cui
1475 1048 1645 1089 adiecta
1675 1050 1741 1088 est

103 1127 223 1155 noua
243 1115 410 1164 culina,
433 1128 457 1156 a
479 1115 783 1156 fundamentis
812 1127 955 1167 nuper
982 1118 1198 1163 extructa,
1230 1127 1331 1155 cum
1361 1114 1596 1154 nonnullis
1624 1113 1742 1154 aedi-

104 1180 218 1233 ficijS
247 1181 516 1222 habitationi
556 1184 734 1222 nostrae
768 1181 959 1221 multum
990 1180 1312 1229 accommodis;
1345 1191 1490 1220 nouae
1519 1179 1742 1231 siquidem

98 1246 232 1298 jussu
263 1246 560 1287 illustrissimi
598 1246 814 1298 principis
852 1245 995 1286 nostri
1023 1247 1038 1270 ²
1068 1245 1158 1285 iam
1188 1248 1295 1285 sunt
1322 1257 1444 1286 nunc
1478 1245 1531 1285 ad
1564 1244 1743 1284 vmbili-

105 1324 206 1352 cum
229 1313 479 1364 perductae3
504 1312 619 1352 vnde
640 1312 806 1352 factum
827 1315 908 1360 est,
931 1314 977 1352 vt
997 1311 1236 1363 collegium
1266 1312 1349 1351 hoc
1380 1313 1581 1351 nostrum
1611 1310 1744 1362 longe

104 1378 240 1418 aliam
271 1390 392 1418 nunc
421 1378 584 1418 habeat
612 1377 769 1418 faciem
800 1380 933 1429 atque
963 1377 1104 1429 prius,
1126 1379 1169 1417 et
1189 1377 1381 1417 maiores
1410 1376 1478 1416 illi
1508 1376 1600 1416 sint
1628 1388 1745 1418 com-

106 1443 359 1491 moditates,
391 1455 503 1495 quas
532 1443 605 1482 hic
634 1445 827 1482 attexere
856 1455 946 1482 non
977 1444 1044 1482 est
1072 1454 1204 1493 opere
1233 1441 1473 1493 praecium.

185 1509 225 1550 6.
259 1509 489 1549 Postremo
509 1508 622 1548 illud
645 1520 783 1549 vnum
804 1508 982 1555 addam,
1004 1520 1124 1548 anno
1153 1507 1389 1559 superiori,
1412 1507 1547 1559 quod,
1571 1509 1746 1546 mortuo

106 1574 301 1625 quodam
334 1574 503 1614 medico
533 1573 726 1621 doctore,
755 1573 914 1625 ingens
935 1573 1161 1613 contentio
1191 1572 1358 1612 nostris
1386 1571 1609 1623 theologis
1638 1571 1747 1611 exti-

106 1639 161 1679 tit
180 1652 280 1680 cum
301 1639 551 1687 nonnullis,
575 1639 741 1691 quibus
762 1651 831 1679 res
851 1639 1087 1678 commisse
1107 1640 1213 1678 sunt
1242 1637 1566 1685 Vniuersitatis,
1599 1638 1747 1676 vtrum

105 1704 155 1744 in
184 1705 282 1744 loco
313 1716 455 1754 sacro,
486 1716 545 1744 an
576 1704 824 1756 prophano,
860 1704 1039 1744 deberet
1080 1703 1273 1743 cadauer
1314 1702 1509 1754 sepeliri.
1556 1701 1746 1742 Causam

103 1782 211 1810 -vero
232 1770 307 1810 isti
328 1769 662 1810 controuersiae
683 1769 860 1821 prebuit
886 1769 1169 1821 potissimum
1200 1770 1421 1820 suscepta,
1456 1768 1592 1819 paulo
1622 1767 1747 1818 prius

107 1847 242 1887 quam
273 1835 416 1875 obiret
445 1837 599 1883 morte,
631 1835 716 1875 sub
748 1837 934 1886 Vtraque
963 1834 1109 1886 specie
1138 1846 1265 1874 sacra
1293 1833 1565 1879 communio,
1596 1844 1747 1884 quam-

109 1901 181 1941 uis
209 1900 426 1952 alioquim
456 1902 669 1941 constans
698 1900 816 1940 fama
846 1902 963 1940 esset
991 1900 1218 1940 hominem
1240 1899 1379 1939 fuisse
1408 1912 1433 1938 a
1463 1899 1548 1938 fide
1578 1900 1620 1938 et
1650 1897 1749 1937 reli—

108 1966 242 2018 gione
271 1966 491 2006 catholica
511 1966 724 2016 alienum,
748 1966 825 2005 sed
848 1966 1002 2006 multis
1031 1965 1456 2011 contradicentibus,
1488 1966 1582 2004 tum
1612 1963 1750 2003 iacuit

108 2033 365 2072 nostrorum
395 2031 705 2083 theologorum
736 2031 979 2079 sententia;
1012 2031 1097 2070 hoc
1126 2033 1275 2070 tamen
1311 2030 1518 2070 videntur
1548 2029 1615 2068 illi
1647 2028 1750 2068 effe-

108 2097 238 2146 cisse,
273 2099 317 2136 vt
346 2097 435 2136 iam
465 2109 557 2136 non
585 2097 781 2148 amplius
820 2097 867 2136 in
905 2097 989 2136 hac
1031 2097 1214 2137 ciuitate
1257 2096 1402 2136 locun]
1450 2095 1612 2135 habeat
1654 2106 1750 2134 mos

110 2164 248 2203 humo
291 2163 543 2214 promiscue
589 2163 810 2203 condendi
841 2163 887 2202 in
931 2165 1048 2203 terra
1090 2174 1216 2202 sacra
1244 2161 1568 2202 haereticorum
1607 2163 1649 2200 et
1682 2172 1752 2200 ca-

111 2228 381 2268 tholicorum
411 2240 610 2279 corpora.
643 2228 754 2268 Nam
785 2240 885 2268 cum
916 2240 1058 2279 nuper
1087 2228 1208 2267 filius
1238 2227 1453 2274 consulis,
1479 2226 1563 2266 viri
1587 2225 1751 2277 oppido

110 2293 336 2341 catholici,
369 2293 620 2333 haereticus
659 2293 1056 2344 pertinacissimus,
1092 2293 1226 2332 vitam
1257 2304 1357 2332 cum
1389 2293 1528 2331 morte
1557 2303 1753 2331 commu-

111 2361 264 2409 tasset,
295 2359 469 2399 cunctis
499 2359 755 2410 pastoribus
784 2359 870 2410 ipsi
901 2359 1177 2410 sepulturam
1217 2357 1502 2409 negantibus,
1534 2356 1653 2407 apud
1687 2356 1753 2395 lu-

112 2425 324 2464 theranos
353 2424 400 2464 in
430 2424 687 2464 Palatinatu
715 2426 840 2476 pater
864 2436 956 2464 non
977 2425 1074 2464 sine
1105 2424 1257 2464 dolore
1286 2425 1329 2463 et
1358 2422 1589 2463 lachrimis
1610 2421 1753 2461 filium

113 2490 251 2530 humo
294 2489 466 2529 tradere
509 2492 574 2529 est
617 2492 809 2531 coactus
851 2490 971 2529 Idem
1014 2501 1191 2541 quoque
1236 2488 1452 2540 proximis
1481 2488 1552 2527 his
1596 2487 1754 2526 diebus

113 2554 301 2606 contigit
343 2555 619 2606 exemplum3
651 2567 752 2595 cum
795 2555 916 2595 enim
958 2555 1116 2594 baroni
1160 2554 1353 2601 cuidam,
1394 2555 1547 2593 contra
1587 2563 1755 2592 morem

114 2619 326 2660 ecclesiae
359 2620 444 2660 sub
474 2621 660 2671 Vtraque
690 2620 835 2672 specie
865 2620 1193 2660 communicato
1222 2631 1272 2659 ac
1302 2621 1493 2665 mortuo,
1525 2617 1757 2669 sepultura

115 2685 164 2725 in
187 2684 456 2736 coemiterijS
484 2686 541 2725 ab
570 2685 727 2726 amicis
755 2687 1005 2737 opportune
1034 2685 1288 2737 importune
1308 2685 1473 2724 frustra
1495 2682 1632 2734 petita
1648 2682 1757 2736 fuis-

114 2752 198 2799 set,
230 2750 409 2790 tandem
453 2752 689 2802 postquam
733 2751 823 2791 fere
851 2753 950 2791 octo
977 2750 1138 2790 diebus
1168 2750 1215 2790 in
1257 2762 1365 2802 agro
1394 2748 1474 2789 Dei
1506 2749 1653 2800 (quem
1684 2759 1759 2787 vo-

115 2816 235 2868 cant)
258 2818 272 2840 ³
302 2816 556 2868 insepultus
600 2816 825 2865 iacuisset,
856 2816 904 2856 in
932 2828 1090 2868 campo
1118 2818 1161 2856 et
1207 2828 1315 2867 agro
1345 2814 1593 2867 prophano,
1633 2813 1759 2853 iuxta

183 2964 194 2984 ¹
216 2963 402 2997 Martinus
425 2973 447 2996 a
468 2963 727 3005 Schaumberg
749 2963 971 3005 (1560-1590).

181 3019 194 3037 ²
216 3016 393 3050 Albertus
414 3017 458 3058 V,
483 3017 665 3050 Bavariae
687 3018 775 3051 dux.

182 3072 195 3092 ³
216 3071 437 3105 Germanice
463 3084 479 3101 «
502 3071 745 3105 Gottesacker
766 3085 797 3112 »,
822 3072 1095 3105 coemeterium.

191 3159 353 3188 Lxrmm
376 3159 653 3195 Quannmnsrmzs.
674 3177 708 3181 —
727 3161 808 3189 Tou.
830 3161 898 3190 VII.
1656 3157 1691 3185 30
