2028 3531
631 280 780 314 Buevis
808 276 980 312 NOT1T1A
1011 278 1192 312 CODHIUM
1637 278 1683 313 X!

211 400 373 441 Venet.
402 399 470 440 36.
503 399 739 449 Catalogus
769 396 980 446 antiquae
1012 396 1266 446 provinciae
1295 396 1629 446 Longobardiae
1660 408 1737 434 an—

107 472 151 511 ni
185 472 300 512 1573.

214 542 361 584 Venet
387 541 542 594 (Ven.)
576 539 664 581 100.
687 539 824 590 Epist.
849 539 1197 590 quadrimestres
1218 540 1259 578 et
1281 550 1457 578 annuae
1479 550 1601 589 prov.
1627 538 1738 577 Lon-

107 614 346 666 gobardiae
378 613 599 664 (Venetae)
630 611 686 650 ab
716 622 835 649 auno
868 610 970 649 1558
1000 610 1055 648 ad
1088 610 1204 649 1584.

213 683 493 726 vocationes
522 681 738 723 illustres.
773 680 984 721 Collectio
1006 681 1375 720 documentorum
1398 680 1560 731 (epist,
1583 692 1734 719 narra-

108 756 266 804 tiones,
299 756 397 806 etc.)
429 755 483 794 ad
513 753 657 793 socios
685 752 853 791 saeculi
886 751 984 791 XVI
1018 751 1330 802 spectantium.

214 826 334 868 Vota
361 823 599 877 simplicia.
623 823 834 864 Collectio
856 823 1235 874 autographorum
1261 825 1462 862 votorum
1489 834 1601 862 saec.
1622 822 1736 861 xvi.

110 898 422 938 Praecedentes
449 895 622 936 codices
651 897 757 935 sunt
790 906 923 945 penes
954 894 1232 934 Societatem.

216 969 294 1010 Usi
324 978 477 1007 sumus
508 968 728 1017 praeterea
761 966 1053 1016 sequentibus
1083 965 1336 1005 codicibus:

213 1039 263 1080 A.
297 1039 331 1080 11
360 1037 424 1079 62.
458 1038 541 1077 Hic
569 1038 706 1077 codex
736 1040 940 1077 servatur
960 1037 1171 1077 Coloniae
1202 1037 1246 1076 in
1280 1037 1482 1088 paroecia
1517 1052 1536 1071 «
1558 1036 1619 1076 St.
1655 1036 1741 1075 Ma-

111 1111 174 1150 ria
205 1109 516 1150 Himmelfahrt
544 1126 583 1151 ».
629 1109 828 1148 continet
866 1109 1124 1159 apographa
1166 1108 1298 1148 litter.
1340 1108 1562 1160 quadrini.
1595 1110 1636 1147 et
1667 1119 1743 1146 an-

109 1193 310 1222 nuarum.

211 1251 249 1305 J.
280 1251 319 1304 J.
354 1251 446 1292 721.
487 1252 781 1303 (Auswartige
810 1252 1239 1291 ‚lesuiten-Berichtc
1282 1263 1364 1290 aus
1407 1251 1649 1290 deutschen
1697 1263 1738 1289 u.

107 1324 522 1364 niederlandisehen
553 1324 818 1374 Kollegien),
852 1324 898 1362 in
929 1323 1111 1362 archivo
1142 1323 1337 1362 civitatis
1367 1322 1653 1362 coloniensis.

210 1394 248 1447 J.
280 1394 319 1447 J.
351 1394 443 1435 722.
477 1395 774 1446 (Auswartige
817 1395 1247 1434 Jesuiten-Berichte
1291 1406 1374 1434 aus
1418 1394 1648 1444 Kollegien
1697 1394 1743 1432 in

107 1467 390 1513 Frankreich,
423 1466 634 1517 Spanien‚
668 1467 896 1517 portugal,
931 1466 1173 1515 Russland,
1208 1466 1361 1507 Polen.
1393 1465 1629 1506 Brasilien.
1673 1466 1742 1504 Iu-

106 1539 239 1589 dien).
274 1539 324 1578 In
354 1539 507 1578 eodem
543 1539 740 1579 archivo.

210 1608 432 1661 Jesuitica
463 1609 517 1650 Ν0
550 1610 703 1651 1357111.
738 1611 784 1649 In
817 1610 999 1649 archivo
1030 1609 1286 1649 monacensi
1325 1608 1745 1654 (Miinchenerstats-

105 1681 289 1732 archiv).

211 1752 434 1794 Salmant.
467 1753 499 1794 1.
533 1753 663 1793 Liber
706 1765 856 1793 eorum
889 1753 966 1804 qui
998 1753 1043 1792 in
1079 1752 1268 1803 collegio
1299 1750 1635 1790 salmanticensi
1666 1749 1743 1789 So-

105 1824 307 1865 cietatem
331 1826 430 1865 Iesu
452 1826 643 1877 ingressi
665 1828 783 1865 sunt.
815 1825 878 1865 Cf.
904 1827 1013 1865 Litt.
1042 1826 1274 1873 Quaclrim.
1300 1823 1348 1873 Υ,
1370 1823 1449 1861 969
1470 1822 1638 1869 (codex
1658 1822 1742 1868 40).

214 1896 374 1938 Codex
405 1898 483 1938 lat.
520 1897 663 1938 13601.
698 1898 746 1937 In
777 1897 1057 1937 Bibliotheca
1088 1895 1312 1935 Nationali
1347 1893 1688 1934 vindobonensi.

212 1969 276 2009 De
306 1969 436 2009 modo
466 1969 633 2009 citandi
666 1969 772 2009 folia
802 1969 1020 2011 codicum,
1044 1967 1225 2018 quando
1255 1967 1406 2017 plures
1437 1966 1609 2005 numeri
1641 1966 1746 2004 sunt

106 2041 154 2080 in
183 2041 337 2081 eodem
368 2041 491 2084 folio,
517 2041 615 2080 vide
646 2041 708 2080 sis
738 2052 851 2092 quae
882 2039 1078 2079 diximus
1105 2039 1149 2078 in
1172 2041 1281 2078 Litt.
1311 2039 1542 2086 Quadrima
1564 2037 1614 2079 Υ.
1632 2037 1725 2075 970.
