2028 3531
348 286 417 321 296
818 284 1022 320 [mmm-2
1059 284 1403 329 QUADmMESTREs

302 403 520 443 institutis
576 413 857 453 progressum
902 402 1130 454 feccri[n]t,
1164 402 1234 441 uel
1290 401 1394 440 hinc
1453 400 1628 440 abunde
1657 408 1675 427 a
1715 403 1918 441 constare

301 470 458 519 potest,
502 467 618 519 quod
662 478 816 506 omnes
863 478 953 506 non
996 467 1125 506 modo
1171 465 1436 516 contemptis
1480 465 1633 504 mundi
1677 477 1727 505 ac
1772 476 1917 505 rerum

301 534 566 573 caducarum
614 531 835 571 illecebris
882 532 936 571 ad
980 532 1231 583 religiosam
1262 530 1585 581 perfectamque
1616 532 1918 581 paupertatem

301 597 499 638 certatim
542 596 825 643 contendant,
871 608 1013 647 neque
1054 596 1199 635 solum
1243 594 1448 634 extinctis
1495 596 1729 645 curruptae
1771 595 1919 634 carnis

300 674 349 702 ac
395 660 639 701 uoluntatis
670 660 870 711 propriae
899 660 1130 710 desiderijs
1161 671 1321 709 magna
1363 658 1581 709 simplicis
1623 658 1916 709 obedientiae,

303 737 523 778 puraeque
551 724 904 764 conuersationis
932 725 1146 775 exempla,
1183 735 1281 763 cum
1330 723 1495 762 nostris
1523 723 1792 770 domesticis,
1824 725 1917 762 tum

299 791 519 832 extraneis
550 789 808 829 hominibus
839 790 1102 840 praebeant;
1135 800 1288 828 uerum
1321 788 1452 827 etiam
1483 787 1701 838 singulari
1744 787 1920 838 pietatis

300 857 407 901 zelo,
439 858 527 894 tam
557 865 789 904 corporum
835 853 1067 904 multiplici
1106 853 1405 903 diuturnaque
1448 852 1753 903 castigatione,
1784 864 1917 903 quam

300 919 508 971 suspirijS
550 931 600 958 ac
630 918 848 969 precibus,
880 918 1180 969 proximorum
1224 918 1391 956 abusus
1434 916 1602 963 tollere,
1644 916 1919 967 uirtutesque

301 996 559 1037 promouere
602 983 816 1023 nitantur.
863 983 978 1022 Illud
1025 982 1137 1022 alias
1179 981 1452 1032 saepissime,
1502 981 1578 1020 sed
1621 992 1760 1031 nuper
1797 992 1919 1031 prae-

299 1049 449 1090 sertim
492 1048 699 1099 apparuit
728 1048 775 1086 in
818 1047 1155 1090 bachanalibus.
1186 1046 1365 1097 quando
1410 1048 1579 1096 praeter
1621 1045 1733 1084 alias
1770 1045 1919 1096 poeni-

299 1114 475 1161 tentias,
507 1125 618 1164 quas
639 1124 800 1163 magno
821 1113 992 1152 feruore
1014 1113 1232 1163 petebant,
1257 1123 1332 1161 per
1360 1110 1567 1150 ultimum
1590 1110 1700 1150 illud
1722 1110 1919 1150 triduum

299 1178 574 1229 disciplinas,
605 1177 806 1216 adhibita
835 1176 965 1217 suaui
994 1177 1185 1228 quadam
1217 1175 1421 1225 melodia,
1445 1175 1660 1222 subirent,
1692 1187 1780 1226 quo
1800 1175 1919 1214 Deus

299 1243 644 1284 christianorum
673 1242 902 1281 hominum
937 1243 1103 1280 mentes
1132 1240 1403 1280 illuminaret
1425 1239 1479 1279 ad
1500 1239 1829 1290 cognoscendos
1856 1239 1919 1278 ui-

299 1309 545 1360 tandosque
587 1307 799 1358 temporis
841 1306 965 1346 illius
1006 1307 1188 1346 abusus.
1236 1305 1455 1356 Apparuit
1498 1304 1610 1343 idem
1643 1303 1920 1355 quotidianis

299 1372 585 1425 di[sci]plinis
605 1383 655 1411 ac
676 1371 861 1422 litanijs,
883 1382 995 1422 quas
1014 1371 1105 1410 Deo
1126 1382 1201 1421 per
1229 1368 1614 1420 quadragesimam
1645 1367 1916 1411 obtulerunt,

299 1440 347 1478 ut
376 1437 644 1489 grauissima
663 1436 880 1488 quaedam
901 1435 1041 1475 nostri
1072 1434 1244 1486 collegij
1278 1433 1476 1485 negocia,
1499 1445 1613 1484 quae
1642 1433 1772 1472 modo
1803 1433 1918 1472 ΒΑΜ

298 1506 364 1542 Pr.
397 1501 591 1542 Victoria
633 1512 734 1541 cum
764 1500 806 1541 S.
837 1499 882 1540 C.
915 1500 970 1539 M.
1002 1501 1154 1539 nostro
1196 1499 1265 1538 uel
1295 1498 1444 1549 potius
1486 1497 1691 1537 Boemiae
1740 1497 1919 1536 nomine

298 1569 471 1612 tractat,
502 1566 701 1606 foelicem
730 1565 904 1605 tandem
936 1563 1178 1616 euent[um]
1211 1563 1482 1610 sortiantur;
1527 1562 1655 1602 cuius
1686 1561 1747 1601 rei
1777 1561 1919 1611 gratia

298 1632 486 1671 letanias
514 1631 758 1671 etiamnum
787 1629 984 1681 quotidie
1013 1629 1248 1679 collegium
1288 1629 1487 1667 nostrum
1519 1626 1747 1678 persoluit.
1782 1626 1919 1665 Auxit

298 1696 493 1748 mir[um]
538 1696 585 1735 in
627 1695 805 1734 modum
836 1695 951 1734 hanc
994 1694 1210 1733 internam
1256 1692 1457 1732 omnium
1500 1691 1707 1743 pietatem
1755 1691 1919 1741 duplex

297 1764 503 1801 uotorum
542 1760 792 1807 innouati0‚
823 1771 936 1810 quae
980 1759 1174 1810 profecto
1205 1769 1295 1797 non
1338 1757 1507 1796 minore
1541 1756 1678 1796 totius
1709 1755 1914 1807 [collngij

297 1827 476 1878 gaudio,
507 1837 639 1877 quam
678 1825 929 1872 deuotione,
960 1823 1311 1864 circumcisionis
1339 1821 1358 1848 b
1402 1833 1452 1861 ac
1484 1821 1767 1873 paschalibus
1796 1820 1919 1872 feriJ's

301 1893 476 1943 paracta
504 1893 583 1931 est.
614 1890 666 1930 Et
694 1889 902 1941 quamuis
930 1889 1038 1928 haec
1066 1888 1217 1927 omnia
1246 1888 1412 1927 lateant
1445 1886 1649 1926 homines
1669 1887 1915 1933 extraneos,

297 1956 451 1997 diuina
483 1958 630 1995 tamen
659 1954 941 2006 prouidentia
960 1953 1053 1993 fieri
1076 1953 1267 1999 uidetur,
1294 1954 1340 1992 ut
1369 1951 1446 2003 qui
1477 1951 1639 1991 uiuunt
1660 1950 1705 1990 in
1731 1949 1918 2001 collegio

296 2032 416 2060 nouo
446 2022 475 2067 1,
506 2020 557 2059 26
586 2027 602 2046 0
631 2018 905 2070 singular[is]
928 2016 1246 2068 expectationis
1275 2016 1592 2062 adolescentes,
1624 2013 1916 2054 christianum

296 2085 423 2124 illum
466 2086 719 2124 nostrorum
750 2083 935 2122 fratrum
963 2082 1105 2121 zelum
1136 2081 1182 2120 in
1212 2080 1514 2132 promouenda
1548 2079 1781 2119 hominum
1811 2078 1918 2118 alio-

297 2161 394 2189 rum
424 2149 566 2189 salute
595 2148 831 2199 diligenter
859 2147 1102 2186 imitentur.
1134 2145 1244 2185 Nam
1275 2145 1391 2184 inter
1419 2144 1548 2192 alios,
1579 2144 1760 2195 quidam
1788 2144 1814 2182 8
1842 2155 1918 2182 an-

296 2226 456 2254 norum
486 2225 594 2265 puer
622 2215 805 2252 matrem
834 2211 1053 2252 hussitam
1083 2222 1164 2250 sua
1193 2211 1351 2261 sponte
1394 2209 1644 2260 frequenter
1672 2210 1714 2248 et
1756 2219 1917 2259 magno

297 2279 468 2319 feruore
511 2290 646 2318 causa
676 2277 905 2329 religionis
948 2275 1219 2327 aggreditur,
1251 2274 1477 2322 sollicitat,
1513 2274 1728 2321 obsecrat,
1774 2275 1914 2323 urget.

297 2343 387 2392 Ait,
420 2344 567 2383 enim:
599 2343 637 2383 si
667 2345 791 2394 pater
810 2353 934 2382 meus
963 2344 1004 2380 et
1033 2352 1113 2391 ego
1142 2339 1349 2379 catholici
1379 2350 1552 2386 sumus,
1584 2338 1717 2377 etiam
1747 2339 1918 2388 oportet

296 2411 481 2449 matrem
519 2420 615 2448 esse
657 2407 934 2447 catholicam.
966 2405 1091 2446 Vnde
1119 2417 1218 2444 cum
1249 2404 1409 2444 mulier
1440 2415 1563 2454 spem
1592 2403 1787 2454 aliquam
1817 2413 1919 2442 con-

298 2473 519 2513 uersionis
560 2472 792 2524 promittit,
842 2470 1035 2510 mirabili
1078 2469 1241 2520 gaudio
1272 2480 1380 2520 puer
1417 2467 1710 2519 perfunditur.
1754 2467 1916 2506 Verum

296 2538 475 2589 quando
504 2538 582 2577 illa
610 2536 866 2577 duriuscule
895 2534 1144 2586 respondet,
1178 2534 1245 2573 uel
1276 2533 1423 2572 differt
1453 2531 1791 2579 confessionem,
1822 2530 1917 2582 ipse

294 2603 427 2652 dolet,
472 2603 787 2654 lachrymatur,
819 2613 899 2641 nec
941 2601 1124 2639 matrem
1169 2609 1408 2650 agnoscere
1455 2597 1528 2637 uel
1574 2596 1770 2637 inuisere
1817 2595 1918 2635 uult

296 2668 503 2719 amplius.
535 2667 696 2707 Eadem
718 2666 879 2718 pietate
900 2665 946 2705 in
966 2676 1071 2705 suos
1102 2665 1305 2715 parentes
1324 2662 1618 2714 quorumdam
1640 2661 1916 2701 hussitarum

355 2851 374 2870 a
393 2842 540 2875 abunde
562 2851 688 2883 supra
710 2850 812 2875 vers.
836 2860 876 2864 —
899 2841 917 2868 b
943 2838 1201 2873 circumsionis
1217 2847 1288 2870 ms.
1313 2856 1353 2861 —
1376 2846 1391 2865 c
1421 2836 1503 2870 Del.
1520 2837 1645 2869 autem
1660 2836 1709 2878 (⁶3)

357 3009 368 3027 ²
392 3008 442 3040 De
464 3007 626 3049 Collegio
648 3006 718 3039 hoc
740 3015 847 3046 novo,
872 3006 951 3038 sive
972 3012 1188 3047 pauperum,
1212 3002 1297 3035 vide
1319 3002 1372 3034 sis
1398 3001 1495 3036 Litt.
1523 3000 1730 3042 Quadrim.
1754 2999 1815 3040 VI,
1841 3000 1914 3039 101,

291 3059 367 3099 150,
390 3060 463 3099 459,
486 3060 558 3099 474,
582 3060 655 3092 812.
