2028 3531
289 257 350 291 1545
755 259 956 296 hirriunt:
990 261 1334 304 QUADmMESTRES

235 388 312 414 nes
342 377 541 416 omnium
571 378 767 427 gentium
797 382 998 419 constare
1031 380 1260 431 religiosos
1293 380 1525 420 Societatis
1559 383 1733 421 nostrae
1762 394 1851 421 om-

235 440 366 479 nibus
399 441 631 491 probitatis
650 443 897 493 exemplum
927 456 1035 484 esse.
1068 445 1202 483 Multa
1235 444 1368 483 missa
1398 444 1511 483 facio
1539 445 1592 484 de
1621 445 1851 486 Societatis

235 505 364 543 laude
408 506 539 553 dicta,
585 521 684 547 cum
723 510 985 559 impeditum
1015 512 1072 548 sit
1112 523 1156 548 se
1196 513 1343 559 «ipsum
1376 510 1577 549 lcmdare.
1624 510 1851 551 Praeterea

233 582 308 608 ser
329 572 368 608 et
391 572 577 621 trimatu
601 585 760 612 azweos
781 587 989 614 ἠτιηωηοε
1009 582 1024 599 ²¹
1055 574 1255 613 exhibuit
1279 573 1381 612 huic
1401 573 1586 625 collegio
1607 575 1658 613 ad
1687 575 1847 619 oleum,

235 636 518 682 frumentum,
551 636 760 688 lignaque
789 640 1039 678 coemenda.
1070 639 1277 689 Ultroque
1298 650 1394 677 sese
1415 639 1574 678 obtulit
1597 642 1727 690 atque
1758 641 1849 691 pol-

233 698 351 737 licita
382 702 462 746 est.
485 712 531 739 se
561 701 729 752 aliquid
762 703 965 752 praesidij
1000 704 1082 742 hoc
1112 704 1253 754 primo
1276 714 1376 742 uere
1406 703 1536 742 nobis
1560 704 1846 751 donaturam;

231 765 270 801 et
295 764 575 814 proficiscens
598 766 722 805 Pisas
755 768 951 818 poposcit
980 780 1005 807 a
1038 769 1162 807 Patre
1188 771 1354 809 nostro.
1388 770 1435 806 ut
1464 768 1533 807 uel
1566 768 1846 816 Florentiam,

235 829 301 867 uel
332 829 407 867 ubi
439 830 635 880 gentium
668 831 813 879 fuerit,
845 832 973 871 adeat
1003 833 1139 879 illam,
1172 844 1268 871 cum
1301 832 1471 882 aliquid
1500 844 1612 883 opus
1643 833 1785 874 fuerit.

308 895 345 932 Η.
383 894 441 933 De
470 895 600 934 domo
629 898 774 935 autem
807 897 955 936 stabili
989 898 1204 939 habenda.
1237 897 1340 947 quid
1373 897 1532 943 dicam,
1569 909 1667 937 cum
1690 897 1707 924 ὓ
1734 899 1847 938 nihil

229 958 375 997 adhuc
422 959 525 998 certi
558 959 615 999 sit
644 962 824 1007 statum,
856 961 1050 1001 incertus
1080 974 1193 1000 sum.
1226 962 1334 1011 Spes
1373 963 1519 1000 tamen
1557 962 1723 1012 optima
1757 966 1844 1004 est:

230 1035 329 1062 nam
375 1024 561 1074 ipsamet
599 1038 744 1065 coram
791 1026 917 1066 Patre
960 1027 1181 1077 delegauit
1232 1026 1350 1065 vrbis
1395 1023 1583 1077 praesidi
1629 1030 1676 1066 ut
1717 1039 1847 1067 curae

230 1096 387 1127 max.ae
417 1089 500 1129 hoc
530 1090 761 1141 negocium
792 1093 921 1138 esset,
953 1091 1081 1142 eique
1102 1091 1491 1130 uehementissime
1522 1103 1601 1131 nos
1630 1104 1847 1132 commen-

227 1153 353 1192 dauit
391 1156 418 1193 ¹.
454 1154 629 1194 Praeter
662 1155 769 1195 haec
790 1156 996 1207 frequens
1028 1156 1206 1195 habitus
1235 1158 1300 1195 est
1330 1158 1510 1195 senatus
1539 1157 1728 1207 quadam
1759 1157 1844 1200 die.

225 1218 366 1268 deque
397 1231 440 1258 re
470 1221 620 1258 nostra
651 1220 935 1271 transigenda
966 1221 1129 1263 retulit,
1164 1223 1297 1271 utque
1331 1232 1464 1271 quam
1496 1221 1685 1271 primum
1717 1222 1759 1261 id
1790 1222 1844 1261 ad

225 1283 391 1322 exitum
424 1284 745 1334 perduceretur,
777 1297 830 1324 ex
862 1286 1194 1336 magistratibus
1232 1288 1423 1336 quatuor
1452 1286 1695 1337 grauiores,
1728 1299 1845 1337 pres-

227 1347 526 1400 tantioresque
564 1349 675 1388 Duci
713 1349 1035 1400 supplicarunt,
1077 1352 1208 1400 atque
1237 1362 1288 1389 eo
1317 1350 1480 1397 studio,
1512 1351 1630 1401 quod
1659 1351 1844 1402 diligen-

225 1412 449 1453 tissimum
470 1426 565 1453 esse
587 1414 743 1465 potuit,
777 1415 995 1465 petierunt
1017 1427 1070 1454 ne
1091 1417 1350 1465 grauaretur
1378 1416 1523 1455 decem
1556 1416 1845 1456 duodecimue

225 1489 383 1517 aureos
426 1478 471 1517 in
515 1478 718 1529 singulos
752 1491 925 1518 menses
955 1488 968 1505 ⁰
1007 1480 1138 1518 nobis
1180 1482 1361 1519 reddere
1404 1482 1461 1520 ad
1502 1483 1844 1521 sustentandam

224 1545 368 1582 «uitam
395 1542 428 1589 d,
460 1544 771 1583 confirmantes
810 1543 1069 1583 Societatem
1106 1557 1204 1584 cum
1237 1545 1471 1584 utillimam
1504 1553 1534 1592 θ,
1566 1548 1659 1585 tum
1699 1558 1844 1585 neces-

224 1608 386 1647 sariam
423 1608 436 1634 f
461 1620 571 1647 esse.
604 1609 668 1647 Ad
711 1609 754 1648 id
793 1609 878 1649 hoc
920 1610 1113 1660 amplius
1155 1610 1353 1652 accessit.
1398 1622 1497 1649 eum
1541 1611 1840 1661 gratissimum

224 1672 439 1712 facturum
472 1674 552 1712 toti
581 1673 768 1721 ciuitati,
802 1674 845 1712 id
876 1674 911 1713 si
943 1674 1156 1721 effecerim
1197 1675 1360 1725 quibus
1400 1675 1718 1726 benignissime
1756 1687 1842 1715 res—

223 1738 378 1788 pondit
399 1750 444 1777 se
465 1750 615 1777 eorum
637 1750 771 1778 causa
794 1739 922 1778 nobis
955 1752 1081 1790 opem
1121 1740 1374 1780 allaturum.
1400 1741 1486 1780 Res
1510 1743 1575 1780 est
1604 1740 1649 1780 in
1680 1741 1838 1788 herba;

224 1802 331 1841 faxit
360 1803 479 1842 Deus
505 1810 536 1842 ἕ.
572 1802 746 1854 [Preces
772 1804 1004 1855 postulati

329 1867 455 1906 Senis
485 1867 641 1918 quinto
672 1868 772 1907 idus
802 1868 1025 1919 Februarij
1060 1869 1114 1908 M.
1147 1869 1197 1908 D.
1232 1869 1343 1909 LXI.
1377 1870 1438 1909 Ex
1460 1870 1667 1910 mandato
1698 1871 1841 1910 Patris

223 1931 434 1971 Rectoris.
468 1932 515 1971 T.
550 1932 600 1971 R.
636 1933 682 1972 P.
716 1932 1058 1983 indignissimus
1087 1945 1246 1973 seruus
1276 1934 1321 1973 in
1352 1935 1430 1974 X.⁰

1125 2052 1307 2091 GASPAR
1337 2052 1724 2093 CANTAGALLINIUS
1755 2055 1784 2094 2.

328 2141 622 2179 Desideratur
650 2143 898 2191 inscriptio.

280 2335 297 2353 a
328 2327 526 2368 [maanam
550 2327 757 2368 pecu[n]iae
780 2336 960 2359 summam
984 2327 1065 2359 Pol.
1090 2347 1130 2350 —-
1154 2328 1171 2354 h
1190 2338 1272 2360 cum
1296 2338 1421 2370 supra
1455 2339 1556 2362 vers.
1582 2349 1621 2352 —
1645 2339 1659 2357 c
1694 2339 1837 2363 menses

217 2388 343 2419 supra
380 2389 477 2412 vers.
502 2398 542 2402 —
564 2380 582 2406 d
611 2381 804 2421 assignare
826 2380 908 2412 Pol.
932 2399 972 2403 —
995 2389 1011 2407 e
1043 2382 1295 2413 utillissimam
1318 2382 1398 2414 Pol.
1423 2401 1463 2405 —
1485 2383 1498 2409 f
1517 2392 1658 2415 summe
1674 2392 1840 2416 necessa-

217 2433 310 2464 riam
335 2432 414 2464 Pol.
443 2451 482 2454 —
505 2441 524 2467 s·
552 2433 647 2473 quod
673 2434 928 2474 gratissimum
954 2434 1025 2474 ipsi
1049 2433 1215 2465 futurum
1240 2436 1306 2466 est.
1332 2435 1412 2468 Pol.

279 2607 288 2623 ¹
314 2605 426 2636 Paulo
450 2606 532 2646 post
556 2604 711 2637 Iacobus
741 2605 1000 2646 Mignanellus,
1040 2607 1280 2646 grossetanus
1313 2608 1521 2648 episcopus,
1557 2608 1733 2649 templum
1766 2607 1832 2641 Sti.

214 2658 343 2699 vigilii
368 2658 476 2698 eique
500 2658 713 2690 adiunctam
737 2658 883 2689 domum
908 2658 1061 2698 collegio
1085 2659 1249 2699 precario
1273 2659 1436 2699 donavit,
1461 2670 1556 2702 quae
1572 2670 1670 2693 anno
1694 2662 1773 2693 1567
1796 2662 1834 2693 in

214 2711 359 2751 collegii
384 2712 647 2752 proprietatem
681 2711 924 2742 transierunt.
961 2711 1012 2743 Cf.
1048 2711 1193 2743 Lcm‘m‘i
1227 2712 1412 2749 Monam„
1447 2714 1507 2753 VI,
1543 2715 1614 2753 432,
1648 2715 1720 2753 491,
1755 2715 1831 2753 500;

214 2764 379 2795 Polanm'
406 2764 560 2805 Compl„
587 2764 613 2803 Ι,
638 2765 715 2803 65ος
741 2764 786 2803 ΙΙ,
810 2764 883 2800 680,
908 2765 979 2796 (594.
1005 2763 1210 2797 SACGHINUS
1246 2765 1409 2805 (Hister.
1435 2768 1518 2799 Soc.
1554 2768 1646 2799 Iesu
1668 2769 1761 2809 part.
1787 2767 1831 2807 II,

214 2818 276 2849 lib.
302 2817 343 2851 V.
370 2827 404 2850 n.
432 2818 503 2858 119)
526 2818 617 2850 dicit
641 2818 709 2850 hoc
732 2826 830 2849 anno
855 2818 930 2849 1561
956 2818 1133 2858 templum
1149 2818 1371 2860 domumque
1387 2820 1453 2852 Sti.
1472 2820 1601 2861 vigilii
1621 2829 1832 2853 concessam

214 2880 294 2902 esse
317 2871 471 2911 collegio
494 2871 540 2903 ab
563 2871 734 2912 episcopo
758 2871 985 2912 grossetano.

275 2926 286 2943 2
309 2924 349 2955 In
374 2924 451 2956 cod.
478 2924 583 2956 Rom.
609 2924 682 2955 169
705 2924 908 2955 annotatur
929 2923 1010 2965 ejus
1034 2924 1226 2965 ingressus
1250 2925 1288 2956 in
1312 2926 1527 2958 tirocinium
1557 2935 1749 2958 romanum
1771 2926 1832 2959 die

212 2977 250 3008 27
277 2977 464 3009 Februarii
490 2978 580 3009 1557.
606 2977 736 3009 Exstat
759 2978 902 3018 autogr.
920 2977 1091 3008 votorum
1104 2976 1241 3009 Romae
1255 2979 1474 3011 emissorum
1487 2979 1579 3011 die4
1596 2979 1719 3012 Martii
1737 2980 1827 3013 1557.

213 3030 314 3062 Obiit
339 3031 376 3062 in
400 3031 520 3071 patria
544 3029 728 3071 (Perusia)
750 3038 848 3062 anno
872 3030 962 3068 1565,
988 3030 1029 3061 ut
1052 3028 1211 3061 hahetur
1227 3030 1265 3062 in
1289 3031 1367 3063 cod.
1392 3031 1496 3065 Hist.
1521 3032 1605 3065 Soc.
1629 3032 1689 3069 42,
1714 3032 1738 3064 f.
1762 3032 1812 3064 3.v
