2028 3531
509 252 589 288 531.
617 274 661 278 —
689 251 1046 288 CAESARAUGUSTA
1076 251 1120 287 19
1145 251 1244 288 MAII
1275 253 1362 288 1561
1635 255 1703 291 337

123 370 273 421 pueris
292 369 554 420 explicatur,
579 370 992 421 xenodochiumque
1014 369 1289 410 infirmorum
1313 372 1355 410 et
1377 372 1553 421 publica
1577 385 1747 413 reorum

119 434 339 481 custodia,
372 436 418 474 vt
460 437 605 482 antea,
655 435 718 474 ita
759 437 801 474 et
844 446 963 474 nunc
1007 434 1187 486 saepius
1230 435 1504 475 inuisuntur.
1552 437 1752 488 Singulis

121 499 414 539 hebdomadis
443 499 541 550 ipso
571 500 618 539 in
646 511 818 540 carcere
848 499 1103 539 concionem
1128 499 1261 539 habet
1292 512 1406 540 vnus
1435 512 1487 540 ex
1519 502 1749 542 Patribus:

119 566 254 615 atque
283 564 473 604 audiunt
503 565 667 605 ibidem
698 565 939 605 multorum
969 565 1273 604 confessiones
1303 565 1470 613 Patres,
1502 578 1665 617 eosque
1686 579 1752 607 co-

123 629 339 668 mitantur
366 629 444 680 qui
474 632 670 670 extremo
712 629 934 680 supplicio
968 629 1239 670 afficiuntur.
1273 630 1391 670 Haec
1435 630 1532 681 ipsa
1574 632 1751 682 quidem

119 695 336 746 obsequia
366 695 456 735 Deo
486 698 611 747 grata
641 707 739 735 esse
765 695 1047 742 confidimus,
1070 695 1334 747 animosque
1363 696 1517 746 populi
1548 708 1637 736 non
1668 709 1754 737 me-

119 759 331 799 diocriter
358 760 683 800 confirmantia.

200 825 238 864 6.
273 825 402 864 Pater
432 826 612 877 quidam
643 825 837 877 singulis
865 825 1023 865 diebus
1044 826 1282 866 dominicis
1312 826 1358 865 in
1388 826 1571 866 ecclesia
1602 829 1754 867 nostra

118 890 419 930 ecclesiastem
450 891 556 941 agit,
589 891 754 942 populo
787 891 898 930 satis
927 893 1104 942 gratus,
1137 891 1249 930 alter
1281 903 1381 931 cum
1413 891 1546 931 fratre
1575 892 1754 943 saepius

122 954 287 995 missus
315 958 382 995 est
413 956 744 1007 (inquisitorum
785 956 918 996 etiam
948 956 1182 996 accedente
1211 956 1489 1007 auctoritate)
1521 957 1577 996 ad
1606 958 1755 997 varios

122 1022 326 1072 populos.
369 1024 413 1061 vt
450 1022 743 1062 concionibus
776 1024 818 1062 et
855 1019 1084 1062 doctrinae
1127 1022 1398 1062 christianae
1441 1022 1751 1074 explicatione,

122 1086 258 1137 hujus
279 1087 403 1138 regni
420 1087 656 1138 neophitos
673 1087 978 1127 informarent.
1004 1087 1230 1127 Hactenus
1250 1090 1543 1139 peragrarunt
1566 1088 1755 1139 populos

121 1151 339 1192 nobilium
372 1153 684 1204 quorumdam,
721 1153 798 1204 qui
832 1155 874 1192 et
909 1152 1237 1202 beneuolentia,
1274 1155 1316 1192 et
1346 1153 1500 1193 multis
1531 1153 1756 1205 beneficijs

117 1217 174 1257 de
203 1217 334 1257 nobis
376 1218 541 1269 optime
584 1220 864 1265 meruerunt3
899 1218 1028 1257 modo
1073 1229 1175 1257 vero
1220 1220 1454 1258 versantur
1497 1218 1541 1257 in
1577 1218 1755 1269 oppidis

118 1283 248 1322 ducis
277 1283 643 1323 Villaeformosae
673 1286 701 1331 ²,
733 1284 811 1335 qui
841 1295 948 1323 sane
978 1295 1070 1323 rem
1100 1284 1291 1324 multum
1329 1284 1586 1335 expetierat,
1623 1287 1755 1335 atque

120 1348 455 1400 efflagitaucrat,
478 1361 823 1401 concessamque
854 1351 899 1389 vt
928 1348 1230 1400 gratissimam
1252 1349 1434 1389 admisit
1463 1357 1496 1390 a.
1529 1350 1659 1389 Pater
1679 1350 1755 1390 ille

119 1414 314 1466 singulis
357 1415 446 1455 fere
488 1415 647 1455 diebus
688 1415 994 1462 concionatur,
1030 1417 1072 1454 et
1114 1414 1250 1454 frater
1296 1415 1462 1455 eisdem
1506 1415 1754 1455 doctrinam

118 1480 335 1531 explicat:
368 1481 540 1521 fructus
569 1492 676 1520 sane
707 1480 956 1520 vberrimus
999 1481 1102 1521 inde
1147 1480 1403 1532 percipitur,
1435 1480 1512 1532 qui
1557 1492 1648 1520 non
1680 1492 1754 1532 pa-

123 1558 219 1586 rum
250 1546 517 1597 populorum
547 1546 754 1586 dominos
784 1546 1043 1586 consolatur
1072 1546 1208 1586 simul
1237 1548 1279 1586 et
1307 1546 1524 1586 aedificat.
1663 1544 1665 1546 ’

202 1612 239 1651 7.
272 1611 486 1662 Tempore
511 1611 879 1663 quadragesimae
900 1611 1059 1663 ingens
1080 1612 1164 1651 fuit
1184 1611 1449 1663 omnigenae
1470 1611 1616 1663 gentis
1636 1612 1753 1663 apud

119 1689 203 1717 nos
232 1677 564 1717 confessionum
596 1689 831 1724 numerus;
865 1677 910 1717 in
941 1689 1076 1717 causa
1106 1677 1191 1717 fuit
1219 1679 1315 1717 tum
1340 1677 1645 1728 operariorum
1677 1689 1754 1717 nu-

121 1753 269 1781 merus
298 1744 471 1789 auctus,
503 1745 594 1782 tum
640 1742 773 1782 etiam
817 1742 936 1794 quod
966 1742 1022 1782 ad
1051 1742 1325 1794 opinionem,
1357 1754 1489 1793 quam
1529 1742 1583 1782 de
1612 1742 1756 1782 Socie-

119 1809 210 1847 tate
253 1809 405 1847 nostra
447 1807 843 1859 caesaraugustani
887 1810 1196 1859 conceperant,
1230 1808 1379 1859 plures
1422 1807 1469 1847 in
1512 1808 1604 1848 dies
1648 1808 1756 1847 fiant

118 1873 411 1913 accessiones.
445 1873 506 1912 Eo
536 1876 731 1924 tempore
761 1875 1016 1913 nostrorum
1046 1873 1244 1913 studium
1276 1873 1361 1913 fuit
1393 1873 1586 1913 diuersis
1616 1873 1756 1912 homi-

121 1950 227 1978 num
249 1938 537 1990 conscientijs
566 1951 591 1978 a
625 1938 744 1990 vitijs
764 1938 967 1989 oppresis
988 1939 1200 1978 adhibere
1221 1939 1428 1986 remedia,
1452 1939 1555 1990 aliJ's
1576 1939 1754 1990 quidem

118 2003 267 2043 aliena
299 2004 652 2044 restituentibus.
684 2004 787 2056 alijS
818 2016 920 2043 vero
950 2004 1208 2044 occasiones
1251 2004 1417 2055 peccati
1462 2004 1753 2053 fugientibus,

121 2069 224 2121 alijs
253 2070 385 2109 etiam
416 2082 512 2109 sese
542 2082 565 2109 a
599 2070 734 2121 variJ's
776 2070 1048 2121 labyrinthis
1090 2070 1427 2117 extricantibus,
1460 2070 1638 2109 diuersa
1681 2070 1755 2109 de-

121 2147 244 2175 mum
274 2135 378 2186 alijs
407 2135 655 2175 vitantibus
685 2135 817 2174 mala.
850 2134 1089 2175 Generales
1118 2135 1422 2175 confessiones
1443 2135 1622 2174 auditae
1651 2137 1755 2174 sunt

121 2201 355 2252 plurimae,
388 2203 430 2240 et
459 2200 668 2240 nonnulli
704 2200 973 2252 beneficiarij
1019 2201 1285 2248 sacerdotes,
1317 2200 1394 2251 qui
1425 2201 1591 2252 injuste
1620 2200 1754 2239 eccle-

121 2266 214 2306 siae
243 2266 443 2306 redditus
474 2266 776 2317 possidebant,
808 2266 1067 2317 temporalis
1096 2266 1316 2306 commodi
1347 2278 1450 2306 cura
1484 2266 1752 2317 posthabita,

116 2332 319 2383 justitiae
348 2343 399 2371 ac
431 2331 718 2382 conscientijS
760 2331 896 2371 simul
939 2331 1284 2379 consuluerunt3
1322 2343 1511 2383 quorum
1556 2331 1752 2382 quidam,

122 2399 255 2449 atque
284 2409 337 2437 ex
367 2397 470 2448 alijs
500 2409 589 2436 non
611 2397 741 2448 pauci
771 2396 827 2436 ad
863 2399 1040 2436 nostros
1082 2397 1356 2443 accedentes,
1389 2399 1533 2447 petere
1580 2396 1755 2435 veniam

121 2475 175 2503 ex
204 2463 261 2514 ijs
304 2462 464 2510 solent,
496 2474 610 2514 quae
652 2462 705 2502 de
745 2462 876 2502 nobis
920 2464 1050 2501 antea
1093 2462 1274 2502 sinistre
1312 2462 1645 2512 concipiebant:
1678 2461 1754 2512 qui

118 2528 317 2581 quidem,
349 2528 541 2580 cognitis
570 2528 658 2567 iam
689 2540 714 2567 a
743 2539 804 2576 se,
836 2539 950 2579 quae
979 2527 1270 2578 experiuntur
1299 2527 1346 2566 in
1376 2527 1556 2574 nostris,
1580 2537 1756 2576 suscep-

118 2596 254 2645 toque
300 2593 553 2633 animorum
600 2605 753 2633 eorum
800 2593 1141 2633 conuersatione
1188 2592 1426 2639 leuamine,
1459 2591 1756 2642 exprimentes

119 2659 243 2711 apud
270 2659 400 2707 alios,
431 2671 546 2710 quae
575 2670 696 2699 nunc
719 2658 934 2705 sentiunt,
958 2660 1167 2710 reparant
1196 2670 1261 2708 ea,
1285 2670 1398 2709 quae
1428 2669 1480 2696 ex
1512 2656 1601 2696 veri
1632 2656 1756 2707 igno—

121 2724 268 2764 rantia
298 2726 430 2764 antea
459 2724 530 2764 his
559 2724 783 2764 contraria
811 2724 1090 2765 dictitabant.

185 2881 204 2900 a
222 2872 362 2905 ΡῪαΘΟ.
386 2880 422 2905 v.
446 2872 609 2904 obscure
632 2873 857 2905 &marahnu-

185 3000 194 3017 ²
218 2997 404 3030 Martinus
426 2997 471 3030 de
494 2997 636 3030 Gurrea
652 2997 688 3029 et
703 2996 865 3039 Aragon,
890 2996 958 3030 Sti.
984 2997 1172 3029 Francisci
1190 2997 1233 3029 de
1252 2996 1362 3037 Borja
1384 2995 1488 3027 levir.
1507 2993 1558 3027 Cf.
1576 2993 1615 3026 S.
1631 2993 1758 3025 Fran-

119 3051 256 3084 ciscus
279 3051 442 3093 Boryia,
467 3051 495 3091 Ι,
518 3051 592 3084 420.

195 3139 358 3168 Llw'rnRAn
380 3140 658 3175 QUADRIMESTRES.
679 3156 712 3160 —
732 3140 813 3168 Tou.
834 3140 903 3168 VII.
1264 3181 1269 3186 ⁷
1651 3137 1686 3164 ΞΩ
