<?xml version="1.0" encoding="UTF-8"?>
<!DOCTYPE html PUBLIC "-//W3C//DTD XHTML 1.0 Transitional//EN"
    "http://www.w3.org/TR/xhtml1/DTD/xhtml1-transitional.dtd">
<html xmlns="http://www.w3.org/1999/xhtml" xml:lang="en" lang="en">
 <head>
  <title>
</title>
<meta http-equiv="Content-Type" content="text/html;charset=utf-8" />
  <meta name='ocr-system' content='tesseract 3.04.00' />
  <meta name='ocr-capabilities' content='ocr_page ocr_carea ocr_par ocr_line ocrx_word'/>
</head>
<body>
  <div class='ocr_page' id='page_1' title='image "./litteraequadrime1907lain_0615.png"; bbox 0 0 2028 3531; ppageno 0'>
   <div class='ocr_carea' id='block_1_1' title="bbox 481 278 1665 317">
    <p class='ocr_par' dir='ltr' id='par_1_1' title="bbox 481 278 1665 317">
     <span class='ocr_line' id='line_1_1' title="bbox 481 278 1665 317; baseline -0.002 -2"><span class='ocrx_word' id='word_1_1' title='bbox 481 279 560 316; x_wconf 90' lang='grc'>588.</span> <span class='ocrx_word' id='word_1_2' title='bbox 590 301 631 304; x_wconf 92' lang='grc'>-</span> <span class='ocrx_word' id='word_1_3' title='bbox 659 279 843 317; x_wconf 66' lang='lat' dir='ltr'><em>(jomim</em></span> <span class='ocrx_word' id='word_1_4' title='bbox 868 279 915 315; x_wconf 71' lang='lat'><em>026</em></span> <span class='ocrx_word' id='word_1_5' title='bbox 943 278 1185 314; x_wconf 72' lang='lat' dir='ltr'><em>Novnnnms</em></span> <span class='ocrx_word' id='word_1_6' title='bbox 1216 278 1301 314; x_wconf 76' lang='lat'>1561</span> <span class='ocrx_word' id='word_1_7' title='bbox 1594 278 1665 313; x_wconf 85' lang='grc'><em>589</em></span> 
     </span>
    </p>
   </div>
   <div class='ocr_carea' id='block_1_2' title="bbox 458 545 1334 739">
    <p class='ocr_par' dir='ltr' id='par_1_2' title="bbox 458 545 1334 739">
     <span class='ocr_line' id='line_1_2' title="bbox 841 545 954 595; baseline 0 0"><span class='ocrx_word' id='word_1_8' title='bbox 841 545 954 595; x_wconf 88' lang='lat'><em>588</em></span> 
     </span>
     <span class='ocr_line' id='line_1_3' title="bbox 458 686 1334 739; baseline -0.003 -1"><span class='ocrx_word' id='word_1_9' title='bbox 458 688 511 738; x_wconf 91' lang='grc' dir='ltr'><em>Ρ.</em></span> <span class='ocrx_word' id='word_1_10' title='bbox 578 687 921 739; x_wconf 84' lang='lat' dir='ltr'>HENRICUS</span> <span class='ocrx_word' id='word_1_11' title='bbox 993 686 1334 737; x_wconf 75' lang='lat' dir='ltr'>SOMALIUS</span> 
     </span>
    </p>
   </div>
   <div class='ocr_carea' id='block_1_3' title="bbox 552 825 1238 863">
    <p class='ocr_par' dir='ltr' id='par_1_3' title="bbox 552 825 1238 863">
     <span class='ocr_line' id='line_1_4' title="bbox 552 825 1238 863; baseline -0.004 0"><span class='ocrx_word' id='word_1_12' title='bbox 552 837 729 863; x_wconf 82' lang='lat' dir='ltr'>COLONIA</span> <span class='ocrx_word' id='word_1_13' title='bbox 753 827 800 863; x_wconf 65' lang='lat'><em>⁰26</em></span> <span class='ocrx_word' id='word_1_14' title='bbox 827 836 1060 862; x_wconf 72' lang='lat' dir='ltr'><em>novmfflms</em></span> <span class='ocrx_word' id='word_1_15' title='bbox 1095 825 1183 861; x_wconf 81' lang='lat'>1561</span> <span class='ocrx_word' id='word_1_16' title='bbox 1215 826 1238 861; x_wconf 80' lang='lat'><em>1.</em></span> 
     </span>
    </p>
   </div>
   <div class='ocr_carea' id='block_1_4' title="bbox 75 946 1714 1521">
    <p class='ocr_par' dir='ltr' id='par_1_4' title="bbox 75 946 1714 1521">
     <span class='ocr_line' id='line_1_5' title="bbox 75 946 1712 996; baseline -0.002 -9"><span class='ocrx_word' id='word_1_17' title='bbox 75 952 113 987; x_wconf 83' lang='lat'><em>1.</em></span> <span class='ocrx_word' id='word_1_18' title='bbox 144 948 412 988; x_wconf 76' lang='lat' dir='ltr'><em>Studiorum</em></span> <span class='ocrx_word' id='word_1_19' title='bbox 449 948 684 987; x_wconf 82' lang='lat' dir='ltr'><em>sollemnis</em></span> <span class='ocrx_word' id='word_1_20' title='bbox 728 948 1020 986; x_wconf 76' lang='lat' dir='ltr'><em>instauratio.</em></span> <span class='ocrx_word' id='word_1_21' title='bbox 1065 947 1287 996; x_wconf 66' lang='lat' dir='ltr'><em>Dialogus</em></span> <span class='ocrx_word' id='word_1_22' title='bbox 1331 946 1574 994; x_wconf 78' lang='lat' dir='ltr'><em>exhibetur,</em></span> <span class='ocrx_word' id='word_1_23' title='bbox 1616 958 1712 985; x_wconf 89' lang='lat' dir='ltr'><em>car-</em></span> 
     </span>
     <span class='ocr_line' id='line_1_6' title="bbox 183 1011 1713 1064; baseline -0.002 -11"><span class='ocrx_word' id='word_1_24' title='bbox 183 1015 310 1053; x_wconf 84' lang='lat' dir='ltr'><em>mina</em></span> <span class='ocrx_word' id='word_1_25' title='bbox 334 1013 585 1064; x_wconf 81' lang='lat' dir='ltr'><em>parietibus</em></span> <span class='ocrx_word' id='word_1_26' title='bbox 615 1013 898 1063; x_wconf 68' lang='lat' dir='ltr'><em>affiyuntm·;</em></span> <span class='ocrx_word' id='word_1_27' title='bbox 928 1014 978 1051; x_wconf 90' lang='lat' dir='ltr'><em>de</em></span> <span class='ocrx_word' id='word_1_28' title='bbox 992 1012 1302 1063; x_wconf 77' lang='lat' dir='ltr'><em>philosophiae</em></span> <span class='ocrx_word' id='word_1_29' title='bbox 1331 1012 1594 1050; x_wconf 76' lang='lat' dir='ltr'><em>excellentia</em></span> <span class='ocrx_word' id='word_1_30' title='bbox 1623 1011 1713 1050; x_wconf 91' lang='lat' dir='ltr'><em>dis-</em></span> 
     </span>
     <span class='ocr_line' id='line_1_7' title="bbox 176 1077 1713 1130; baseline -0.002 -12"><span class='ocrx_word' id='word_1_31' title='bbox 176 1080 384 1130; x_wconf 76' lang='lat' dir='ltr'><em>putatur.</em></span> <span class='ocrx_word' id='word_1_32' title='bbox 419 1079 694 1117; x_wconf 85' lang='lat' dir='ltr'><em>Munuscula</em></span> <span class='ocrx_word' id='word_1_33' title='bbox 723 1079 1003 1117; x_wconf 81' lang='lat' dir='ltr'><em>scholasticis</em></span> <span class='ocrx_word' id='word_1_34' title='bbox 1033 1077 1387 1117; x_wconf 84' lang='lat' dir='ltr'><em>distribuuntur.</em></span> <span class='ocrx_word' id='word_1_35' title='bbox 1427 1078 1597 1128; x_wconf 66' lang='lat' dir='ltr'><em>Viginti</em></span> <span class='ocrx_word' id='word_1_36' title='bbox 1627 1077 1713 1115; x_wconf 91' lang='lat' dir='ltr'><em>duo</em></span> 
     </span>
     <span class='ocr_line' id='line_1_8' title="bbox 181 1143 1712 1193; baseline -0.001 -9"><span class='ocrx_word' id='word_1_37' title='bbox 181 1145 438 1184; x_wconf 84' lang='lat' dir='ltr'><em>scholastici</em></span> <span class='ocrx_word' id='word_1_38' title='bbox 481 1144 852 1183; x_wconf 79' lang='lat' dir='ltr'><em>baccalaureatus</em></span> <span class='ocrx_word' id='word_1_39' title='bbox 897 1145 1027 1183; x_wconf 80' lang='lat' dir='ltr'><em>titulo</em></span> <span class='ocrx_word' id='word_1_40' title='bbox 1073 1144 1312 1183; x_wconf 83' lang='lat' dir='ltr'><em>ornantur.</em></span> <span class='ocrx_word' id='word_1_41' title='bbox 1352 1143 1561 1182; x_wconf 87' lang='lat' dir='ltr'><em>Universi</em></span> <span class='ocrx_word' id='word_1_42' title='bbox 1604 1155 1712 1193; x_wconf 79' lang='lat' dir='ltr'><em>qua-</em></span> 
     </span>
     <span class='ocr_line' id='line_1_9' title="bbox 182 1208 1713 1260; baseline -0.001 -11"><span class='ocrx_word' id='word_1_43' title='bbox 182 1211 413 1260; x_wconf 61' lang='lat' dir='ltr'><em>dringenti</em></span> <span class='ocrx_word' id='word_1_44' title='bbox 442 1210 634 1260; x_wconf 66' lang='lat' dir='ltr'><em>triginta</em></span> <span class='ocrx_word' id='word_1_45' title='bbox 659 1210 910 1248; x_wconf 81' lang='lat' dir='ltr'><em>censentur.</em></span> <span class='ocrx_word' id='word_1_46' title='bbox 937 1208 1235 1248; x_wconf 61' lang='lat' dir='ltr'><em>Scleolasr&#39;icae</em></span> <span class='ocrx_word' id='word_1_47' title='bbox 1255 1209 1596 1248; x_wconf 72' lang='lat' dir='ltr'><em>exercitationes</em></span> <span class='ocrx_word' id='word_1_48' title='bbox 1613 1209 1713 1247; x_wconf 87' lang='lat' dir='ltr'><em>dili-</em></span> 
     </span>
     <span class='ocr_line' id='line_1_10' title="bbox 180 1274 1714 1326; baseline -0.001 -12"><span class='ocrx_word' id='word_1_49' title='bbox 180 1276 335 1326; x_wconf 66' lang='lat' dir='ltr'><em>genter</em></span> <span class='ocrx_word' id='word_1_50' title='bbox 354 1276 483 1325; x_wconf 80' lang='lat' dir='ltr'><em>fiunt.</em></span> <span class='ocrx_word' id='word_1_51' title='bbox 510 1296 557 1301; x_wconf 79' lang='lat'><em>-—</em></span> <span class='ocrx_word' id='word_1_52' title='bbox 579 1278 621 1313; x_wconf 87' lang='lat'><em>2.</em></span> <span class='ocrx_word' id='word_1_53' title='bbox 643 1274 762 1314; x_wconf 85' lang='lat' dir='ltr'><em>Socii</em></span> <span class='ocrx_word' id='word_1_54' title='bbox 792 1277 993 1313; x_wconf 81' lang='lat' dir='ltr'><em>animose</em></span> <span class='ocrx_word' id='word_1_55' title='bbox 1021 1275 1078 1313; x_wconf 80' lang='lat' dir='ltr'><em>ad</em></span> <span class='ocrx_word' id='word_1_56' title='bbox 1108 1275 1372 1325; x_wconf 66' lang='lat' dir='ltr'><em>religiosam</em></span> <span class='ocrx_word' id='word_1_57' title='bbox 1397 1274 1714 1324; x_wconf 79' lang='lat' dir='ltr'><em>perfectionem</em></span> 
     </span>
     <span class='ocr_line' id='line_1_11' title="bbox 183 1335 1713 1380; baseline -0.002 0"><span class='ocrx_word' id='word_1_58' title='bbox 183 1341 473 1380; x_wconf 82' lang='lat' dir='ltr'><em>annituntur.</em></span> <span class='ocrx_word' id='word_1_59' title='bbox 508 1339 751 1379; x_wconf 81' lang='lat' dir='ltr'><em>Candidati</em></span> <span class='ocrx_word' id='word_1_60' title='bbox 782 1340 839 1378; x_wconf 91' lang='lat' dir='ltr'><em>ad</em></span> <span class='ocrx_word' id='word_1_61' title='bbox 869 1335 1130 1379; x_wconf 74' lang='lat' dir='ltr'><em>Societatem</em></span> <span class='ocrx_word' id='word_1_62' title='bbox 1161 1341 1407 1378; x_wconf 76' lang='lat' dir='ltr'><em>numerosi.</em></span> <span class='ocrx_word' id='word_1_63' title='bbox 1432 1362 1481 1365; x_wconf 97' lang='lat'><strong>—</strong></span> <span class='ocrx_word' id='word_1_64' title='bbox 1504 1343 1545 1377; x_wconf 88' lang='grc'><em>3.</em></span> <span class='ocrx_word' id='word_1_65' title='bbox 1562 1339 1713 1378; x_wconf 89' lang='lat' dir='ltr'><em>Brun-</em></span> 
     </span>
     <span class='ocr_line' id='line_1_12' title="bbox 182 1405 1714 1456; baseline -0.001 -11"><span class='ocrx_word' id='word_1_66' title='bbox 182 1407 399 1445; x_wconf 86' lang='lat' dir='ltr'><em>svicensis</em></span> <span class='ocrx_word' id='word_1_67' title='bbox 444 1406 535 1444; x_wconf 90' lang='lat' dir='ltr'><em>dux</em></span> <span class='ocrx_word' id='word_1_68' title='bbox 578 1406 631 1444; x_wconf 92' lang='lat' dir='ltr'><em>P.</em></span> <span class='ocrx_word' id='word_1_69' title='bbox 679 1406 928 1444; x_wconf 80' lang='lat' dir='ltr'><em>Henricum</em></span> <span class='ocrx_word' id='word_1_70' title='bbox 972 1406 1245 1456; x_wconf 74' lang='lat' dir='ltr'><em>Dionysium</em></span> <span class='ocrx_word' id='word_1_71' title='bbox 1293 1405 1351 1444; x_wconf 79' lang='lat' dir='ltr'><em>ad</em></span> <span class='ocrx_word' id='word_1_72' title='bbox 1380 1417 1425 1443; x_wconf 86' lang='lat' dir='ltr'><em>se</em></span> <span class='ocrx_word' id='word_1_73' title='bbox 1455 1405 1632 1452; x_wconf 88' lang='lat' dir='ltr'><em>invitat,</em></span> <span class='ocrx_word' id='word_1_74' title='bbox 1664 1405 1714 1443; x_wconf 92' lang='lat' dir='ltr'><em>ut</em></span> 
     </span>
     <span class='ocr_line' id='line_1_13' title="bbox 183 1472 890 1521; baseline -0.001 -11"><span class='ocrx_word' id='word_1_75' title='bbox 183 1472 413 1511; x_wconf 88' lang='lat' dir='ltr'><em>catholicis</em></span> <span class='ocrx_word' id='word_1_76' title='bbox 442 1483 706 1511; x_wconf 85' lang='lat' dir='ltr'><em>succurrere</em></span> <span class='ocrx_word' id='word_1_77' title='bbox 734 1472 890 1521; x_wconf 82' lang='lat' dir='ltr'><em>possit.</em></span> 
     </span>
    </p>
   </div>
   <div class='ocr_carea' id='block_1_5' title="bbox 72 1593 1716 2956">
    <p class='ocr_par' dir='ltr' id='par_1_5' title="bbox 72 1593 1716 2956">
     <span class='ocr_line' id='line_1_14' title="bbox 158 1593 1714 1647; baseline -0.003 -10"><span class='ocrx_word' id='word_1_78' title='bbox 158 1598 193 1637; x_wconf 92' lang='lat'><em>1.</em></span> <span class='ocrx_word' id='word_1_79' title='bbox 223 1598 253 1647; x_wconf 66' lang='grc' dir='ltr'><em>-Ι-</em></span> <span class='ocrx_word' id='word_1_80' title='bbox 282 1595 391 1636; x_wconf 83' lang='lat' dir='ltr'><em>IHS.</em></span> <span class='ocrx_word' id='word_1_81' title='bbox 426 1596 517 1635; x_wconf 86' lang='lat' dir='ltr'><em>Pax</em></span> <span class='ocrx_word' id='word_1_82' title='bbox 547 1594 727 1635; x_wconf 78' lang='lat' dir='ltr'><em>Christi.</em></span> <span class='ocrx_word' id='word_1_83' title='bbox 763 1594 854 1635; x_wconf 46' lang='lat' dir='ltr'><em>RQ</em></span> <span class='ocrx_word' id='word_1_84' title='bbox 884 1595 931 1634; x_wconf 92' lang='lat' dir='ltr'><em>in</em></span> <span class='ocrx_word' id='word_1_85' title='bbox 962 1594 1138 1635; x_wconf 88' lang='lat' dir='ltr'><em>Christo</em></span> <span class='ocrx_word' id='word_1_86' title='bbox 1171 1595 1313 1634; x_wconf 90' lang='lat' dir='ltr'><em>Pater.</em></span> <span class='ocrx_word' id='word_1_87' title='bbox 1356 1593 1464 1634; x_wconf 88' lang='lat' dir='ltr'><em>Cum</em></span> <span class='ocrx_word' id='word_1_88' title='bbox 1506 1594 1579 1634; x_wconf 93' lang='lat' dir='ltr'><em>hic</em></span> <span class='ocrx_word' id='word_1_89' title='bbox 1615 1606 1714 1646; x_wconf 85' lang='lat' dir='ltr'><em>pro-</em></span> 
     </span>
     <span class='ocr_line' id='line_1_15' title="bbox 74 1659 1715 1714; baseline -0.002 -12"><span class='ocrx_word' id='word_1_90' title='bbox 74 1662 312 1714; x_wconf 89' lang='lat' dir='ltr'><em>pemodum</em></span> <span class='ocrx_word' id='word_1_91' title='bbox 344 1661 510 1701; x_wconf 84' lang='lat' dir='ltr'><em>mensis</em></span> <span class='ocrx_word' id='word_1_92' title='bbox 538 1660 773 1707; x_wconf 82' lang='lat' dir='ltr'><em>effluxerit,</em></span> <span class='ocrx_word' id='word_1_93' title='bbox 819 1660 1043 1711; x_wconf 87' lang='lat' dir='ltr'><em>simulque</em></span> <span class='ocrx_word' id='word_1_94' title='bbox 1082 1662 1352 1711; x_wconf 84' lang='lat' dir='ltr'><em>oportunum</em></span> <span class='ocrx_word' id='word_1_95' title='bbox 1399 1659 1516 1699; x_wconf 84' lang='lat' dir='ltr'><em>nacti</em></span> <span class='ocrx_word' id='word_1_96' title='bbox 1557 1671 1715 1700; x_wconf 89' lang='lat' dir='ltr'><em>sumus</em></span> 
     </span>
     <span class='ocr_line' id='line_1_16' title="bbox 77 1725 1713 1778; baseline -0.002 -11"><span class='ocrx_word' id='word_1_97' title='bbox 77 1727 310 1775; x_wconf 88' lang='lat' dir='ltr'><em>nuncium,</em></span> <span class='ocrx_word' id='word_1_98' title='bbox 357 1726 435 1778; x_wconf 90' lang='lat' dir='ltr'><em>qui</em></span> <span class='ocrx_word' id='word_1_99' title='bbox 478 1726 524 1765; x_wconf 92' lang='lat' dir='ltr'><em>in</em></span> <span class='ocrx_word' id='word_1_100' title='bbox 568 1725 853 1766; x_wconf 79' lang='lat' dir='ltr'><em>Germaniam</em></span> <span class='ocrx_word' id='word_1_101' title='bbox 897 1725 1168 1776; x_wconf 89' lang='lat' dir='ltr'><em>superiorem</em></span> <span class='ocrx_word' id='word_1_102' title='bbox 1217 1725 1525 1776; x_wconf 88' lang='lat' dir='ltr'><em>proficiscitur,</em></span> <span class='ocrx_word' id='word_1_103' title='bbox 1576 1725 1713 1764; x_wconf 89' lang='lat' dir='ltr'><em>huius</em></span> 
     </span>
     <span class='ocr_line' id='line_1_17' title="bbox 75 1790 1715 1842; baseline -0.002 -10"><span class='ocrx_word' id='word_1_104' title='bbox 75 1793 243 1832; x_wconf 87' lang='lat' dir='ltr'><em>mensis</em></span> <span class='ocrx_word' id='word_1_105' title='bbox 272 1792 467 1832; x_wconf 90' lang='lat' dir='ltr'><em>breuiter</em></span> <span class='ocrx_word' id='word_1_106' title='bbox 497 1803 685 1842; x_wconf 90' lang='lat' dir='ltr'><em>pensum</em></span> <span class='ocrx_word' id='word_1_107' title='bbox 715 1791 937 1838; x_wconf 87' lang='lat' dir='ltr'><em>exoluam,</em></span> <span class='ocrx_word' id='word_1_108' title='bbox 971 1793 1018 1830; x_wconf 86' lang='lat' dir='ltr'><em>ut</em></span> <span class='ocrx_word' id='word_1_109' title='bbox 1039 1790 1318 1830; x_wconf 80' lang='lat' dir='ltr'><em>obedientiae</em></span> <span class='ocrx_word' id='word_1_110' title='bbox 1348 1792 1528 1829; x_wconf 88' lang='lat' dir='ltr'><em>sanctae</em></span> <span class='ocrx_word' id='word_1_111' title='bbox 1548 1790 1715 1829; x_wconf 89' lang='lat' dir='ltr'><em>obtem-</em></span> 
     </span>
     <span class='ocr_line' id='line_1_18' title="bbox 75 1855 1713 1910; baseline -0.002 -12"><span class='ocrx_word' id='word_1_112' title='bbox 75 1870 292 1910; x_wconf 89' lang='lat' dir='ltr'><em>peremus.</em></span> <span class='ocrx_word' id='word_1_113' title='bbox 325 1857 466 1897; x_wconf 92' lang='lat' dir='ltr'><em>Nonis</em></span> <span class='ocrx_word' id='word_1_114' title='bbox 495 1856 762 1896; x_wconf 87' lang='lat' dir='ltr'><em>Nouembris</em></span> <span class='ocrx_word' id='word_1_115' title='bbox 791 1856 940 1896; x_wconf 88' lang='lat' dir='ltr'><em>studia</em></span> <span class='ocrx_word' id='word_1_116' title='bbox 970 1856 1342 1903; x_wconf 80' lang='lat' dir='ltr'><em>instaurauimus,</em></span> <span class='ocrx_word' id='word_1_117' title='bbox 1375 1867 1425 1895; x_wconf 88' lang='lat' dir='ltr'><em>ac</em></span> <span class='ocrx_word' id='word_1_118' title='bbox 1455 1867 1506 1895; x_wconf 92' lang='lat' dir='ltr'><em>eo</em></span> <span class='ocrx_word' id='word_1_119' title='bbox 1535 1855 1607 1895; x_wconf 91' lang='lat' dir='ltr'><em>die</em></span> <span class='ocrx_word' id='word_1_120' title='bbox 1629 1855 1713 1906; x_wconf 91' lang='lat' dir='ltr'><em>pri-</em></span> 
     </span>
     <span class='ocr_line' id='line_1_19' title="bbox 76 1920 1714 1973; baseline -0.002 -10"><span class='ocrx_word' id='word_1_121' title='bbox 76 1936 212 1971; x_wconf 90' lang='lat' dir='ltr'><em>mum,</em></span> <span class='ocrx_word' id='word_1_122' title='bbox 246 1922 467 1963; x_wconf 85' lang='lat' dir='ltr'><em>matutino</em></span> <span class='ocrx_word' id='word_1_123' title='bbox 489 1924 699 1973; x_wconf 87' lang='lat' dir='ltr'><em>tempore,</em></span> <span class='ocrx_word' id='word_1_124' title='bbox 723 1934 896 1961; x_wconf 86' lang='lat' dir='ltr'><em>sacrum</em></span> <span class='ocrx_word' id='word_1_125' title='bbox 922 1934 1084 1971; x_wconf 81' lang='lat' dir='ltr'><em>magno</em></span> <span class='ocrx_word' id='word_1_126' title='bbox 1105 1933 1205 1961; x_wconf 82' lang='lat' dir='ltr'><em>cum</em></span> <span class='ocrx_word' id='word_1_127' title='bbox 1228 1921 1392 1972; x_wconf 84' lang='lat' dir='ltr'><em>gaudio</em></span> <span class='ocrx_word' id='word_1_128' title='bbox 1413 1923 1455 1960; x_wconf 85' lang='lat' dir='ltr'><em>et</em></span> <span class='ocrx_word' id='word_1_129' title='bbox 1475 1920 1714 1961; x_wconf 85' lang='lat' dir='ltr'><em>deuotione</em></span> 
     </span>
     <span class='ocr_line' id='line_1_20' title="bbox 75 1986 1714 2038; baseline -0.002 -8"><span class='ocrx_word' id='word_1_130' title='bbox 75 1990 291 2030; x_wconf 91' lang='lat' dir='ltr'><em>iuuenum</em></span> <span class='ocrx_word' id='word_1_131' title='bbox 323 1989 506 2029; x_wconf 87' lang='lat' dir='ltr'><em>mirifice</em></span> <span class='ocrx_word' id='word_1_132' title='bbox 535 1988 793 2028; x_wconf 83' lang='lat' dir='ltr'><em>cecinimus.</em></span> <span class='ocrx_word' id='word_1_133' title='bbox 828 1989 933 2027; x_wconf 88' lang='lat' dir='ltr'><em>Post</em></span> <span class='ocrx_word' id='word_1_134' title='bbox 965 2000 1082 2036; x_wconf 81' lang='lat' dir='ltr'><em>ver0,</em></span> <span class='ocrx_word' id='word_1_135' title='bbox 1116 1988 1225 2027; x_wconf 84' lang='lat' dir='ltr'><em>hora</em></span> <span class='ocrx_word' id='word_1_136' title='bbox 1255 1987 1299 2026; x_wconf 61' lang='lat'><em>22²</em></span> <span class='ocrx_word' id='word_1_137' title='bbox 1336 1987 1642 2038; x_wconf 85' lang='lat' dir='ltr'><em>pomeridiana</em></span> <span class='ocrx_word' id='word_1_138' title='bbox 1667 1986 1714 2026; x_wconf 91' lang='lat' dir='ltr'><em>in</em></span> 
     </span>
     <span class='ocr_line' id='line_1_21' title="bbox 74 2052 1713 2106; baseline -0.002 -11"><span class='ocrx_word' id='word_1_139' title='bbox 74 2055 241 2095; x_wconf 88' lang='lat' dir='ltr'><em>scholis</em></span> <span class='ocrx_word' id='word_1_140' title='bbox 272 2054 439 2094; x_wconf 88' lang='lat' dir='ltr'><em>nostris</em></span> <span class='ocrx_word' id='word_1_141' title='bbox 470 2055 675 2106; x_wconf 87' lang='lat' dir='ltr'><em>(quarum</em></span> <span class='ocrx_word' id='word_1_142' title='bbox 720 2053 955 2105; x_wconf 77' lang='lat' dir='ltr'><em>angustiae</em></span> <span class='ocrx_word' id='word_1_143' title='bbox 1000 2053 1245 2104; x_wconf 84' lang='lat' dir='ltr'><em>permultos</em></span> <span class='ocrx_word' id='word_1_144' title='bbox 1283 2053 1583 2103; x_wconf 85' lang='lat' dir='ltr'><em>excluserunt)</em></span> <span class='ocrx_word' id='word_1_145' title='bbox 1625 2052 1713 2092; x_wconf 91' lang='lat' dir='ltr'><em>duo</em></span> 
     </span>
     <span class='ocr_line' id='line_1_22' title="bbox 74 2117 1715 2170; baseline -0.002 -10"><span class='ocrx_word' id='word_1_146' title='bbox 74 2120 377 2160; x_wconf 84' lang='lat' dir='ltr'><em>adolescentes</em></span> <span class='ocrx_word' id='word_1_147' title='bbox 406 2119 597 2159; x_wconf 85' lang='lat' dir='ltr'><em>studiosi</em></span> <span class='ocrx_word' id='word_1_148' title='bbox 627 2119 872 2170; x_wconf 79' lang='lat' dir='ltr'><em>dialogum,</em></span> <span class='ocrx_word' id='word_1_149' title='bbox 903 2130 1035 2169; x_wconf 76' lang='lat' dir='ltr'><em>quen]</em></span> <span class='ocrx_word' id='word_1_150' title='bbox 1057 2131 1108 2158; x_wconf 87' lang='lat' dir='ltr'><em>ex</em></span> <span class='ocrx_word' id='word_1_151' title='bbox 1130 2118 1287 2158; x_wconf 86' lang='lat' dir='ltr'><em>classis</em></span> <span class='ocrx_word' id='word_1_152' title='bbox 1317 2117 1513 2169; x_wconf 84' lang='lat' dir='ltr'><em>poeticae</em></span> <span class='ocrx_word' id='word_1_153' title='bbox 1542 2117 1715 2157; x_wconf 86' lang='lat' dir='ltr'><em>audito-</em></span> 
     </span>
     <span class='ocr_line' id='line_1_23' title="bbox 74 2182 1716 2236; baseline -0.002 -11"><span class='ocrx_word' id='word_1_154' title='bbox 74 2185 200 2226; x_wconf 88' lang='lat' dir='ltr'><em>ribus</em></span> <span class='ocrx_word' id='word_1_155' title='bbox 229 2197 348 2225; x_wconf 90' lang='lat' dir='ltr'><em>unus</em></span> <span class='ocrx_word' id='word_1_156' title='bbox 380 2187 705 2236; x_wconf 75' lang='lat' dir='ltr'><em>composuerat,</em></span> <span class='ocrx_word' id='word_1_157' title='bbox 737 2184 1066 2231; x_wconf 83' lang='lat' dir='ltr'><em>exhibuerunt;</em></span> <span class='ocrx_word' id='word_1_158' title='bbox 1101 2184 1259 2235; x_wconf 87' lang='lat' dir='ltr'><em>reliqui</em></span> <span class='ocrx_word' id='word_1_159' title='bbox 1293 2195 1398 2223; x_wconf 87' lang='lat' dir='ltr'><em>uero</em></span> <span class='ocrx_word' id='word_1_160' title='bbox 1430 2182 1618 2234; x_wconf 87' lang='lat' dir='ltr'><em>parietes</em></span> <span class='ocrx_word' id='word_1_161' title='bbox 1639 2194 1716 2222; x_wconf 90' lang='lat' dir='ltr'><em>ua-</em></span> 
     </span>
     <span class='ocr_line' id='line_1_24' title="bbox 74 2248 1715 2303; baseline -0.002 -12"><span class='ocrx_word' id='word_1_162' title='bbox 74 2251 155 2303; x_wconf 83' lang='lat' dir='ltr'><em>rijS</em></span> <span class='ocrx_word' id='word_1_163' title='bbox 183 2251 433 2291; x_wconf 84' lang='lat' dir='ltr'><em>carminum</em></span> <span class='ocrx_word' id='word_1_164' title='bbox 462 2250 702 2302; x_wconf 85' lang='lat' dir='ltr'><em>generibus</em></span> <span class='ocrx_word' id='word_1_165' title='bbox 731 2251 1022 2297; x_wconf 82' lang='lat' dir='ltr'><em>obtexerunt;</em></span> <span class='ocrx_word' id='word_1_166' title='bbox 1065 2261 1178 2301; x_wconf 85' lang='lat' dir='ltr'><em>quae</em></span> <span class='ocrx_word' id='word_1_167' title='bbox 1218 2261 1286 2288; x_wconf 89' lang='lat' dir='ltr'><em>res</em></span> <span class='ocrx_word' id='word_1_168' title='bbox 1325 2249 1434 2288; x_wconf 86' lang='lat' dir='ltr'><em>adeo</em></span> <span class='ocrx_word' id='word_1_169' title='bbox 1472 2248 1715 2288; x_wconf 86' lang='lat' dir='ltr'><em>commouit</em></span> 
     </span>
     <span class='ocr_line' id='line_1_25' title="bbox 73 2314 1715 2369; baseline -0.002 -12"><span class='ocrx_word' id='word_1_170' title='bbox 73 2317 264 2357; x_wconf 88' lang='lat' dir='ltr'><em>aliorum</em></span> <span class='ocrx_word' id='word_1_171' title='bbox 295 2317 633 2369; x_wconf 81' lang='lat' dir='ltr'><em>gymnasiorum</em></span> <span class='ocrx_word' id='word_1_172' title='bbox 663 2316 906 2363; x_wconf 84' lang='lat' dir='ltr'><em>studiosos,</em></span> <span class='ocrx_word' id='word_1_173' title='bbox 940 2318 985 2355; x_wconf 88' lang='lat' dir='ltr'><em>ut</em></span> <span class='ocrx_word' id='word_1_174' title='bbox 1017 2318 1264 2367; x_wconf 87' lang='lat' dir='ltr'><em>spectatum</em></span> <span class='ocrx_word' id='word_1_175' title='bbox 1296 2327 1385 2354; x_wconf 93' lang='lat' dir='ltr'><em>non</em></span> <span class='ocrx_word' id='word_1_176' title='bbox 1418 2314 1548 2354; x_wconf 89' lang='lat' dir='ltr'><em>modo</em></span> <span class='ocrx_word' id='word_1_177' title='bbox 1592 2314 1715 2354; x_wconf 90' lang='lat' dir='ltr'><em>ueni-</em></span> 
     </span>
     <span class='ocr_line' id='line_1_26' title="bbox 74 2380 1714 2433; baseline -0.002 -11"><span class='ocrx_word' id='word_1_178' title='bbox 74 2385 186 2432; x_wconf 86' lang='lat' dir='ltr'><em>rent,</em></span> <span class='ocrx_word' id='word_1_179' title='bbox 218 2395 374 2423; x_wconf 91' lang='lat' dir='ltr'><em>uerum</em></span> <span class='ocrx_word' id='word_1_180' title='bbox 404 2382 538 2423; x_wconf 88' lang='lat' dir='ltr'><em>etiam</em></span> <span class='ocrx_word' id='word_1_181' title='bbox 568 2382 855 2433; x_wconf 80' lang='lat' dir='ltr'><em>corrigerent,</em></span> <span class='ocrx_word' id='word_1_182' title='bbox 888 2382 926 2421; x_wconf 90' lang='lat' dir='ltr'><em>si</em></span> <span class='ocrx_word' id='word_1_183' title='bbox 957 2384 1154 2432; x_wconf 81' lang='lat' dir='ltr'><em>possent.</em></span> <span class='ocrx_word' id='word_1_184' title='bbox 1187 2381 1316 2420; x_wconf 85' lang='lat' dir='ltr'><em>affixa</em></span> <span class='ocrx_word' id='word_1_185' title='bbox 1350 2380 1594 2431; x_wconf 85' lang='lat' dir='ltr'><em>parietibus</em></span> <span class='ocrx_word' id='word_1_186' title='bbox 1623 2391 1714 2419; x_wconf 87' lang='lat' dir='ltr'><em>car-</em></span> 
     </span>
     <span class='ocr_line' id='line_1_27' title="bbox 74 2444 1715 2497; baseline -0.003 -9"><span class='ocrx_word' id='word_1_187' title='bbox 74 2447 209 2487; x_wconf 90' lang='lat' dir='ltr'><em>mina.</em></span> <span class='ocrx_word' id='word_1_188' title='bbox 242 2447 411 2487; x_wconf 91' lang='lat' dir='ltr'><em>Deinde</em></span> <span class='ocrx_word' id='word_1_189' title='bbox 442 2447 518 2487; x_wconf 89' lang='lat' dir='ltr'><em>ubi</em></span> <span class='ocrx_word' id='word_1_190' title='bbox 549 2447 778 2487; x_wconf 84' lang='lat' dir='ltr'><em>exhibitus</em></span> <span class='ocrx_word' id='word_1_191' title='bbox 809 2446 893 2486; x_wconf 76' lang='lat' dir='ltr'><em>fuit</em></span> <span class='ocrx_word' id='word_1_192' title='bbox 924 2446 1147 2497; x_wconf 85' lang='lat' dir='ltr'><em>dialogus,</em></span> <span class='ocrx_word' id='word_1_193' title='bbox 1180 2446 1269 2485; x_wconf 89' lang='lat' dir='ltr'><em>duo</em></span> <span class='ocrx_word' id='word_1_194' title='bbox 1299 2445 1498 2484; x_wconf 85' lang='lat' dir='ltr'><em>rhetores</em></span> <span class='ocrx_word' id='word_1_195' title='bbox 1527 2444 1583 2484; x_wconf 89' lang='lat' dir='ltr'><em>ad</em></span> <span class='ocrx_word' id='word_1_196' title='bbox 1604 2444 1715 2484; x_wconf 86' lang='lat' dir='ltr'><em>clas-</em></span> 
     </span>
     <span class='ocr_line' id='line_1_28' title="bbox 73 2510 1714 2564; baseline -0.003 -11"><span class='ocrx_word' id='word_1_197' title='bbox 73 2525 166 2553; x_wconf 85' lang='lat' dir='ltr'><em>sem</em></span> <span class='ocrx_word' id='word_1_198' title='bbox 196 2513 509 2564; x_wconf 89' lang='lat' dir='ltr'><em>philosophiae</em></span> <span class='ocrx_word' id='word_1_199' title='bbox 538 2512 844 2563; x_wconf 86' lang='lat' dir='ltr'><em>conscensurj,</em></span> <span class='ocrx_word' id='word_1_200' title='bbox 876 2512 1102 2551; x_wconf 87' lang='lat' dir='ltr'><em>orationes</em></span> <span class='ocrx_word' id='word_1_201' title='bbox 1131 2512 1184 2551; x_wconf 89' lang='lat' dir='ltr'><em>de</em></span> <span class='ocrx_word' id='word_1_202' title='bbox 1206 2510 1492 2562; x_wconf 88' lang='lat' dir='ltr'><em>philosophia</em></span> <span class='ocrx_word' id='word_1_203' title='bbox 1518 2521 1714 2561; x_wconf 91' lang='lat' dir='ltr'><em>pronun-</em></span> 
     </span>
     <span class='ocr_line' id='line_1_29' title="bbox 73 2577 1711 2630; baseline -0.002 -12"><span class='ocrx_word' id='word_1_204' title='bbox 73 2578 263 2626; x_wconf 87' lang='lat' dir='ltr'><em>ciarunt,</em></span> <span class='ocrx_word' id='word_1_205' title='bbox 307 2590 499 2630; x_wconf 86' lang='lat' dir='ltr'><em>quorum</em></span> <span class='ocrx_word' id='word_1_206' title='bbox 543 2578 655 2617; x_wconf 89' lang='lat' dir='ltr'><em>alter</em></span> <span class='ocrx_word' id='word_1_207' title='bbox 697 2589 795 2617; x_wconf 89' lang='lat' dir='ltr'><em>eam</em></span> <span class='ocrx_word' id='word_1_208' title='bbox 839 2577 1122 2628; x_wconf 83' lang='lat' dir='ltr'><em>contempsit,</em></span> <span class='ocrx_word' id='word_1_209' title='bbox 1169 2577 1280 2616; x_wconf 88' lang='lat' dir='ltr'><em>alter</em></span> <span class='ocrx_word' id='word_1_210' title='bbox 1324 2588 1430 2615; x_wconf 87' lang='lat' dir='ltr'><em>uero</em></span> <span class='ocrx_word' id='word_1_211' title='bbox 1475 2577 1711 2626; x_wconf 86' lang='lat' dir='ltr'><em>postquam</em></span> 
     </span>
     <span class='ocr_line' id='line_1_30' title="bbox 72 2641 1714 2694; baseline -0.002 -11"><span class='ocrx_word' id='word_1_212' title='bbox 72 2642 284 2684; x_wconf 87' lang='lat' dir='ltr'><em>laudibus</em></span> <span class='ocrx_word' id='word_1_213' title='bbox 312 2644 585 2691; x_wconf 87' lang='lat' dir='ltr'><em>sustulisset,</em></span> <span class='ocrx_word' id='word_1_214' title='bbox 609 2645 652 2683; x_wconf 88' lang='lat' dir='ltr'><em>et</em></span> <span class='ocrx_word' id='word_1_215' title='bbox 681 2643 726 2682; x_wconf 92' lang='lat' dir='ltr'><em>in</em></span> <span class='ocrx_word' id='word_1_216' title='bbox 760 2643 935 2694; x_wconf 86' lang='lat' dir='ltr'><em>magnis</em></span> <span class='ocrx_word' id='word_1_217' title='bbox 965 2643 1167 2694; x_wconf 87' lang='lat' dir='ltr'><em>scientijs</em></span> <span class='ocrx_word' id='word_1_218' title='bbox 1197 2654 1293 2681; x_wconf 87' lang='lat' dir='ltr'><em>eam</em></span> <span class='ocrx_word' id='word_1_219' title='bbox 1324 2641 1611 2692; x_wconf 86' lang='lat' dir='ltr'><em>reposuisset,</em></span> <span class='ocrx_word' id='word_1_220' title='bbox 1636 2652 1714 2680; x_wconf 86' lang='lat' dir='ltr'><em>an-</em></span> 
     </span>
     <span class='ocr_line' id='line_1_31' title="bbox 73 2705 1713 2761; baseline -0.003 -12"><span class='ocrx_word' id='word_1_221' title='bbox 73 2708 315 2749; x_wconf 84' lang='lat' dir='ltr'><em>tecedentis</em></span> <span class='ocrx_word' id='word_1_222' title='bbox 343 2711 608 2761; x_wconf 84' lang='lat' dir='ltr'><em>argumenta</em></span> <span class='ocrx_word' id='word_1_223' title='bbox 636 2708 812 2756; x_wconf 87' lang='lat' dir='ltr'><em>euertit,</em></span> <span class='ocrx_word' id='word_1_224' title='bbox 845 2708 954 2748; x_wconf 88' lang='lat' dir='ltr'><em>adeo</em></span> <span class='ocrx_word' id='word_1_225' title='bbox 986 2710 1034 2748; x_wconf 84' lang='lat' dir='ltr'><em>ut</em></span> <span class='ocrx_word' id='word_1_226' title='bbox 1056 2708 1233 2748; x_wconf 89' lang='lat' dir='ltr'><em>laudem</em></span> <span class='ocrx_word' id='word_1_227' title='bbox 1255 2707 1313 2747; x_wconf 90' lang='lat' dir='ltr'><em>sit</em></span> <span class='ocrx_word' id='word_1_228' title='bbox 1335 2719 1424 2746; x_wconf 92' lang='lat' dir='ltr'><em>non</em></span> <span class='ocrx_word' id='word_1_229' title='bbox 1449 2705 1713 2745; x_wconf 90' lang='lat' dir='ltr'><em>mediocrem</em></span> 
     </span>
     <span class='ocr_line' id='line_1_32' title="bbox 74 2771 1713 2826; baseline -0.002 -12"><span class='ocrx_word' id='word_1_230' title='bbox 74 2773 281 2825; x_wconf 89' lang='lat' dir='ltr'><em>adeptum</em></span> <span class='ocrx_word' id='word_1_231' title='bbox 314 2774 427 2814; x_wconf 88' lang='lat' dir='ltr'><em>illud</em></span> <span class='ocrx_word' id='word_1_232' title='bbox 456 2774 654 2826; x_wconf 87' lang='lat' dir='ltr'><em>certandj</em></span> <span class='ocrx_word' id='word_1_233' title='bbox 680 2785 837 2825; x_wconf 85' lang='lat' dir='ltr'><em>genus,</em></span> <span class='ocrx_word' id='word_1_234' title='bbox 861 2785 912 2813; x_wconf 88' lang='lat' dir='ltr'><em>ac</em></span> <span class='ocrx_word' id='word_1_235' title='bbox 933 2773 1212 2825; x_wconf 86' lang='lat' dir='ltr'><em>declamandj</em></span> <span class='ocrx_word' id='word_1_236' title='bbox 1237 2775 1453 2822; x_wconf 79' lang='lat' dir='ltr'><em>vtranque</em></span> <span class='ocrx_word' id='word_1_237' title='bbox 1476 2771 1522 2810; x_wconf 91' lang='lat' dir='ltr'><em>in</em></span> <span class='ocrx_word' id='word_1_238' title='bbox 1545 2773 1713 2822; x_wconf 88' lang='lat' dir='ltr'><em>partem</em></span> 
     </span>
     <span class='ocr_line' id='line_1_33' title="bbox 75 2838 1713 2891; baseline -0.002 -12"><span class='ocrx_word' id='word_1_239' title='bbox 75 2850 199 2879; x_wconf 90' lang='lat' dir='ltr'><em>usus.</em></span> <span class='ocrx_word' id='word_1_240' title='bbox 222 2839 409 2879; x_wconf 91' lang='lat' dir='ltr'><em>Demum</em></span> <span class='ocrx_word' id='word_1_241' title='bbox 431 2839 626 2891; x_wconf 86' lang='lat' dir='ltr'><em>singulis</em></span> <span class='ocrx_word' id='word_1_242' title='bbox 646 2839 1006 2879; x_wconf 83' lang='lat' dir='ltr'><em>adolescentibus</em></span> <span class='ocrx_word' id='word_1_243' title='bbox 1027 2839 1083 2878; x_wconf 89' lang='lat' dir='ltr'><em>ad</em></span> <span class='ocrx_word' id='word_1_244' title='bbox 1104 2838 1356 2890; x_wconf 87' lang='lat' dir='ltr'><em>superiores</em></span> <span class='ocrx_word' id='word_1_245' title='bbox 1377 2838 1542 2877; x_wconf 84' lang='lat' dir='ltr'><em>classes</em></span> <span class='ocrx_word' id='word_1_246' title='bbox 1563 2848 1713 2876; x_wconf 87' lang='lat' dir='ltr'><em>ascen-</em></span> 
     </span>
     <span class='ocr_line' id='line_1_34' title="bbox 74 2901 1713 2956; baseline -0.002 -12"><span class='ocrx_word' id='word_1_247' title='bbox 74 2904 208 2953; x_wconf 88' lang='lat' dir='ltr'><em>suris,</em></span> <span class='ocrx_word' id='word_1_248' title='bbox 242 2907 414 2956; x_wconf 85' lang='lat' dir='ltr'><em>praeter</em></span> <span class='ocrx_word' id='word_1_249' title='bbox 452 2905 683 2952; x_wconf 90' lang='lat' dir='ltr'><em>honorem,</em></span> <span class='ocrx_word' id='word_1_250' title='bbox 725 2904 802 2955; x_wconf 89' lang='lat' dir='ltr'><em>qui</em></span> <span class='ocrx_word' id='word_1_251' title='bbox 843 2916 922 2955; x_wconf 91' lang='lat' dir='ltr'><em>pro</em></span> <span class='ocrx_word' id='word_1_252' title='bbox 962 2904 1319 2954; x_wconf 85' lang='lat' dir='ltr'><em>uniuscuiusque</em></span> <span class='ocrx_word' id='word_1_253' title='bbox 1358 2902 1609 2942; x_wconf 89' lang='lat' dir='ltr'><em>eruditione</em></span> <span class='ocrx_word' id='word_1_254' title='bbox 1638 2901 1713 2941; x_wconf 90' lang='lat' dir='ltr'><em>tri-</em></span> 
     </span>
    </p>
   </div>
   <div class='ocr_carea' id='block_1_6' title="bbox 81 3020 309 3026">
    <p class='ocr_par' dir='ltr' id='par_1_6' title="bbox 81 3020 309 3026">
     <span class='ocr_line' id='line_1_35' title="bbox 81 3020 309 3026; baseline 0 0"><span class='ocrx_word' id='word_1_255' title='bbox 81 3020 309 3026; x_wconf 95' lang='lat' dir='ltr'><em> </em></span> 
     </span>
    </p>
   </div>
   <div class='ocr_carea' id='block_1_7' title="bbox 139 3076 1363 3119">
    <p class='ocr_par' dir='ltr' id='par_1_7' title="bbox 139 3076 1363 3119">
     <span class='ocr_line' id='line_1_36' title="bbox 139 3076 1363 3119; baseline -0.001 -10"><span class='ocrx_word' id='word_1_256' title='bbox 139 3078 149 3096; x_wconf 91' lang='lat'>¹</span> <span class='ocrx_word' id='word_1_257' title='bbox 172 3077 223 3109; x_wconf 88' lang='lat' dir='ltr'><em>Ex</em></span> <span class='ocrx_word' id='word_1_258' title='bbox 247 3079 394 3119; x_wconf 83' lang='lat' dir='ltr'><em>autogr.</em></span> <span class='ocrx_word' id='word_1_259' title='bbox 419 3078 458 3110; x_wconf 92' lang='lat' dir='ltr'><em>in</em></span> <span class='ocrx_word' id='word_1_260' title='bbox 481 3078 561 3110; x_wconf 89' lang='lat' dir='ltr'><em>cod.</em></span> <span class='ocrx_word' id='word_1_261' title='bbox 591 3077 720 3110; x_wconf 84' lang='lat' dir='ltr'><em>Germ.</em></span> <span class='ocrx_word' id='word_1_262' title='bbox 745 3076 830 3113; x_wconf 78' lang='lat'><em>143,</em></span> <span class='ocrx_word' id='word_1_263' title='bbox 856 3076 916 3109; x_wconf 88' lang='lat' dir='ltr'><em>fol.</em></span> <span class='ocrx_word' id='word_1_264' title='bbox 942 3077 1020 3113; x_wconf 66' lang='lat'>218:</span> <span class='ocrx_word' id='word_1_265' title='bbox 1046 3077 1152 3118; x_wconf 89' lang='lat' dir='ltr'><em>prius</em></span> <span class='ocrx_word' id='word_1_266' title='bbox 1176 3077 1234 3109; x_wconf 79' lang='lat'><em>187</em></span> <span class='ocrx_word' id='word_1_267' title='bbox 1258 3076 1363 3117; x_wconf 73' lang='lat'><em>(174).</em></span> 
     </span>
    </p>
   </div>
  </div>
 </body>
</html>
