2028 3531
483 263 564 300 613.
593 285 633 290 -
665 264 946 301 VALmsolAE'ro
973 264 995 300 6
1021 264 1215 301 IANUARII
1243 264 1333 301 15602
1622 262 1687 298 711

103 384 180 424 nia
208 383 403 432 ridebat;
435 383 512 423 sed
541 383 718 423 tandem
751 384 1070 424 uoracissimus
1101 384 1219 435 ignis
1262 383 1433 423 sedavit
1468 382 1664 433 proterui
1694 384 1736 422 et

102 448 378 489 contumacis
408 448 605 488 bominis
635 449 916 489 dementiam.
942 450 1004 489 De
1033 452 1304 489 caeterorum
1339 460 1441 488 uero
1472 448 1615 487 salute
1645 458 1736 486 non

103 526 285 566 paruam
316 514 601 565 concepimus
631 526 754 565 spem
785 517 813 555 1.
855 516 964 555 Cum
987 515 1122 555 semel
1144 515 1433 566 inquisitores
1462 513 1736 553 comitissam

102 579 263 621 Osorni
306 579 655 630 alloquerentur,
689 580 1006 632 incidissetque
1049 581 1102 620 de
1146 580 1362 620 Societate
1392 581 1544 618 nostra
1574 589 1734 626 sermo,

101 657 235 697 quam
265 645 319 685 de
348 644 479 684 nobis
508 645 766 696 opinionem
797 646 1025 693 haberent,
1058 646 1130 685 his
1162 646 1310 685 uerbis
1353 644 1644 684 ostenderunt
1673 643 1737 683 di-

100 712 272 751 centes:
319 710 542 750 neminem
587 711 954 760 praestantiorem
998 723 1192 762 operam,
1238 710 1655 761 diligentioremque
1690 708 1736 747 in

101 776 171 816 sui
215 775 347 815 officii
390 775 688 822 commodum,
723 778 770 815 ut
813 778 960 827 patres
1005 779 1180 816 nostros
1223 776 1439 816 collocare
1477 782 1515 815 a.
1549 775 1591 814 Is
1630 785 1736 814 uero

100 841 220 893 apud
258 853 390 893 quem
420 841 569 888 fiscus,
601 853 689 892 quo
734 841 806 880 isti
851 842 1059 881 haeretici
1105 842 1356 893 priuantur,
1390 840 1634 892 reponitur,
1666 839 1738 879 uir

100 917 236 946 sanae
265 908 478 958 prouatae
506 906 608 946 fidei
638 908 680 946 et
710 907 862 957 grauis
891 907 968 958 qui
999 907 1164 947 nostris
1193 907 1442 954 confitetur,
1479 906 1569 945 imo
1598 907 1641 945 et
1669 904 1736 956 ip-

99 971 231 1012 simet
259 971 563 1023 inquisitores,
596 972 738 1011 Prem.
772 974 983 1011 rectorem
1014 972 1357 1019 admonuerunt,
1393 974 1439 1011 ut
1468 971 1515 1011 in
1536 970 1632 1010 suis
1660 981 1734 1010 ne-

99 1037 234 1089 gotiJ's
264 1039 417 1077 nostra
447 1048 552 1077 cura
583 1049 673 1076 non
703 1037 890 1085 deesset,
922 1049 1018 1077 esse
1048 1050 1240 1089 namque
1285 1037 1476 1076 maxime
1509 1048 1624 1087 opus
1654 1036 1737 1076 hoc

100 1103 358 1155 praesertim
390 1105 600 1154 tempore,
633 1103 711 1142 ubi
741 1103 907 1143 sensim
938 1103 1039 1143 fidei
1071 1104 1221 1143 hostes
1251 1104 1466 1154 irrepunt.

204 1169 244 1209 5.
277 1168 334 1208 Hi
355 1180 525 1215 omnes,
548 1170 591 1208 et
610 1168 685 1219 alij
710 1181 842 1220 quam
867 1169 1048 1219 plurimi
1072 1169 1174 1216 uiri,
1198 1171 1350 1208 nostro
1372 1167 1736 1208 circuncissionis

97 1234 209 1275 festo
225 1234 490 1274 celebrando
510 1234 822 1281 interfuerunt,
841 1235 970 1286 cujus
987 1235 1232 1274 solennitas
1255 1234 1408 1285 paucis
1425 1234 1512 1274 dici
1530 1246 1619 1273 non
1640 1245 1737 1285 pos-

96 1302 177 1350 set,
200 1300 296 1340 siue
316 1300 371 1340 ad
391 1301 653 1339 ornamenta
674 1300 892 1345 attendas,
912 1301 1077 1351 quibus
1098 1301 1310 1350 templum
1333 1302 1426 1339 erat
1447 1300 1730 1348 instructum,

98 1365 194 1405 siue
224 1364 458 1417 religiosos
489 1365 626 1413 uiros,
659 1365 736 1416 qui
767 1365 821 1404 ad
856 1366 1090 1416 prandium
1113 1366 1293 1405 inuitati
1316 1367 1443 1413 sunt,
1468 1367 1595 1404 erant
1615 1365 1734 1404 enim

98 1430 297 1470 omnium
331 1430 597 1482 religionum
631 1430 877 1481 principes,
911 1430 1007 1470 siue
1038 1431 1092 1470 ad
1123 1431 1384 1470 conuiuium
1420 1431 1583 1482 ipsum,
1616 1430 1735 1481 quod

98 1495 321 1547 expensis,
353 1498 448 1536 tum
478 1496 732 1536 comitissae
763 1495 1026 1544 Osorninae,
1061 1499 1151 1536 tum
1196 1496 1402 1535 dominae
1442 1495 1632 1536 illustris
1662 1495 1737 1535 ad-

99 1561 279 1601 modum
323 1561 532 1601 dominae
576 1561 739 1601 Mariae
770 1561 823 1601 de
853 1562 1086 1609 Mendoza3
1134 1562 1179 1600 in
1210 1573 1261 1601 eo
1292 1564 1439 1601 tamen
1483 1573 1656 1612 semper
1684 1572 1736 1600 eo

99 1626 254 1666 oculos
283 1626 557 1678 conJecimus
587 1638 642 1666 ne
672 1627 781 1678 quid
826 1628 996 1677 praeter
1039 1626 1270 1677 religionis
1309 1626 1571 1666 modestiam
1602 1637 1737 1676 appa-

99 1693 225 1731 reret.
259 1691 480 1731 Adhibuit
510 1692 557 1731 in
586 1704 637 1731 eo
668 1692 780 1731 festo
809 1692 1069 1731 concionem
1092 1692 1222 1731 Pater
1242 1691 1495 1731 Gutterrius
1525 1689 1736 1730 omnibus

100 1756 244 1796 modis
288 1757 557 1805 absolutam,
589 1757 751 1797 litteris
799 1757 981 1807 quidem
1025 1757 1213 1797 multum
1258 1757 1438 1804 claram,
1471 1756 1549 1796 sed
1586 1757 1736 1795 tamen

97 1821 192 1862 zelo
221 1821 474 1862 animarum
495 1822 755 1874 flagrantem
774 1836 783 1871 ;
807 1823 904 1874 ejus
925 1823 1080 1862 laudes
1102 1834 1333 1873 nunquam
1356 1833 1446 1861 non
1476 1821 1519 1861 in
1554 1821 1735 1861 illorum

97 1887 471 1939 grauissimorum
503 1888 702 1928 uirorum
733 1900 808 1928 ore
840 1890 1090 1928 uersantur.
1125 1888 1243 1928 Haec
1286 1888 1385 1927 laus
1419 1899 1601 1927 suarum
1633 1898 1736 1926 con-

97 1952 277 1993 cionum
321 1954 573 1994 communis
616 1956 696 1998 est,
746 1956 794 1994 ut
841 1954 1055 2005 quotidie,
1094 1955 1269 2004 peracta
1311 1953 1539 2000 concione,
1585 1953 1736 1992 dicant

97 2019 347 2059 auditores:
380 2032 611 2072 nunquam
643 2020 704 2060 ita
733 2022 887 2060 ornate
917 2020 1207 2060 concionatus
1237 2022 1315 2060 est.

176 2085 214 2125 6.
246 2085 309 2125 Ex
329 2085 402 2125 his
422 2098 513 2126 non
533 2087 720 2126 obscure
742 2086 951 2137 colligere
973 2086 1133 2137 poterit
1164 2086 1210 2127 Ρ.
1239 2086 1287 2125 Τ.
1321 2087 1517 2137 quantus
1547 2085 1605 2125 sit
1634 2097 1736 2124 con-

98 2150 344 2191 fessionum
374 2163 635 2200 concursus,
667 2152 745 2203 qui
789 2164 898 2192 sane
942 2154 1093 2191 tantus
1136 2154 1216 2199 est,
1250 2153 1298 2191 ut
1335 2151 1535 2190 omnium
1567 2150 1623 2190 ad
1653 2162 1736 2190 nos

97 2215 401 2256 accedentium
434 2217 552 2256 uotis
581 2217 789 2257 satisfieri
821 2229 910 2257 non
942 2218 1095 2268 possit.
1128 2217 1248 2268 quod
1271 2217 1340 2256 uel
1364 2216 1554 2256 maxime
1584 2215 1735 2256 uidere

96 2283 213 2321 esset
228 2281 313 2321 hoc
332 2282 474 2322 sancti
496 2283 718 2323 aduentus
739 2285 959 2334 tempore;
984 2295 1085 2322 nam
1108 2294 1214 2322 sane
1235 2282 1542 2322 haebdomada
1576 2283 1735 2333 quarta

97 2346 247 2397 potius
294 2350 450 2387 sancta
479 2348 718 2388 uidebatur
746 2348 833 2396 his,
866 2349 943 2400 qui
973 2348 1278 2388 confitentium
1312 2359 1546 2387 numerum
1579 2347 1736 2387 aduer-

95 2413 272 2461 tebant;
304 2415 347 2453 et
376 2416 492 2453 certe
523 2425 599 2464 per
629 2414 782 2454 Patres
814 2417 992 2454 nostros
1022 2426 1112 2453 non
1147 2414 1281 2457 stetit,
1314 2413 1424 2464 quin
1454 2415 1734 2463 peccatorum

96 2477 287 2518 sarcinis
318 2479 436 2530 apud
466 2491 549 2519 nos
578 2480 794 2531 depositis
837 2480 1028 2527 abirent,
1060 2492 1231 2519 summe
1271 2479 1391 2518 enim
1421 2479 1467 2518 in
1498 2479 1614 2518 hanc
1643 2489 1734 2518 rem

97 2543 429 2594 incumbebant,
461 2545 538 2585 sed
569 2548 718 2585 tamen
747 2546 843 2585 fieri
874 2558 964 2585 non
994 2546 1153 2597 potuit,
1186 2545 1295 2596 quin
1318 2544 1447 2584 multi
1477 2544 1566 2584 alio
1596 2543 1734 2584 disce-

96 2608 264 2650 derent.

159 2795 178 2815 a
209 2787 435 2822 collocarent
456 2789 504 2823 A.

157 2959 168 2977 ¹
190 2959 299 3002 Apud
322 2960 569 2993 SANGRADOR:
605 2961 788 2994 Historia
813 2963 857 2995 de
881 2963 921 2995 la
947 2963 1099 2996 cindacl
1122 2964 1166 2995 de
1199 2962 1434 2998 Valladolz'd,
1460 2962 1487 3001 I,
1513 2971 1592 3004 cap.
1622 2961 1731 3002 XXV,

94 3012 263 3046 invenies
286 3015 498 3056 catalogum
532 3024 670 3055 eorum,
700 3016 766 3057 qui
801 3025 926 3049 mense
950 3017 1099 3049 Octobri
1124 3018 1201 3049 1561
1227 3017 1273 3048 ab
1308 3016 1555 3058 inquisitione
1585 3016 1734 3049 valliso-

95 3065 221 3100 letana
244 3068 371 3110 puniti
395 3069 499 3102 sunt.
