2028 3531
556 261 636 298 603.
664 283 710 287 -
735 261 957 299 MONAcnio
986 262 1002 298 1
1032 261 1226 298 IANUARn
1256 262 1347 298 1562
1657 263 1726 299 667

136 390 234 419 sese
263 378 464 426 credunt,
487 379 702 429 paulatim
723 382 956 432 corruptos
977 392 1121 420 mores
1141 380 1394 428 emendant,
1419 380 1557 420 uitam
1580 380 1626 420 in
1647 381 1774 420 scho-

135 445 193 485 lis
235 444 416 492 nostris,
450 446 662 495 tanquam
705 446 789 485 sub
837 445 1043 486 incudem
1087 447 1321 492 reuocant;
1369 445 1487 485 mala
1529 446 1770 493 consortia,

135 509 384 550 iuuentutis
407 511 566 561 pestes,
591 510 769 561 penitus
789 513 1065 559 execrantur,
1084 512 1126 550 et
1142 523 1167 550 a
1185 510 1316 550 nobis
1334 512 1490 561 petunt
1506 512 1555 550 ut
1570 511 1772 550 ordinem

134 575 385 615 studiorum
427 574 650 626 uitaeque,
688 576 934 616 secundum
969 576 1109 616 Deum
1142 575 1360 627 gerendae
1399 576 1770 626 praescribamus,

134 640 262 691 Quod
292 640 348 679 ad
377 640 527 680 studia
557 640 732 688 attinet,
755 641 995 692 proficiunt
1024 641 1110 692 ipsi
1140 640 1351 692 discipuli
1382 641 1621 692 praeclare,
1650 653 1772 692 prae—

133 706 314 746 stitutas
330 705 502 745 dierum
524 705 738 745 festorum
759 706 1107 746 declamationes
1127 718 1181 746 ex
1209 705 1366 746 ordine
1386 708 1584 754 seruant,
1607 706 1772 746 latinae

132 771 314 822 linguae
335 782 467 810 usum
489 770 695 819 retinent,
719 770 1048 822 disputationes
1069 771 1247 823 aliaque
1268 771 1498 811 fructuosa
1518 771 1771 811 studiorum

132 835 341 876 exercitia
362 847 514 875 recens
534 835 741 875 ordinata
770 836 1008 888 diligenter
1036 837 1292 877 obseruant.
1318 837 1369 875 ln
1390 836 1589 887 proxime
1618 836 1770 888 elapsa

131 901 381 942 studiorum
413 900 720 945 renouatione,
744 901 921 953 aliquos
951 902 1006 941 ad
1036 902 1218 941 altiores
1248 901 1414 941 classes
1445 901 1768 952 promouimus,

131 978 246 1019 quae
274 966 455 1018 quidem
485 966 705 1006 celebrata
736 969 802 1006 est
831 967 1008 1006 solenni
1029 967 1224 1018 quodam
1255 967 1359 1015 ritu,
1383 967 1580 1007 recitatis
1609 967 1770 1007 oratio-

130 1032 280 1080 nibus,
312 1031 603 1079 carminibus,
635 1033 769 1071 cantu
799 1044 976 1083 quoque
1007 1032 1177 1072 musico
1211 1032 1415 1072 adhibito
1445 1034 1486 1072 et
1515 1032 1770 1072 distributis

129 1097 402 1151 praemiolis,
424 1097 591 1149 quibus
610 1097 805 1149 primum
835 1100 878 1137 et
907 1098 1153 1138 secundum
1175 1098 1402 1138 studiosos
1431 1098 1635 1138 omnium
1658 1098 1769 1138 clas-

128 1165 262 1212 sium,
284 1163 362 1215 qui
384 1175 488 1214 prae
516 1163 703 1202 coeteris
732 1163 966 1211 doctiores,
990 1166 1033 1203 et
1054 1163 1132 1203 tali
1153 1163 1354 1203 laureola
1379 1163 1607 1215 digniores
1636 1163 1769 1204 nobis

129 1230 214 1270 uisi
244 1231 365 1277 sunt,
396 1228 674 1269 ornauimus.
698 1227 820 1278 Quae
851 1228 1045 1279 praemia
1066 1228 1172 1279 quia
1203 1228 1250 1268 in
1281 1230 1508 1280 posterum
1543 1229 1764 1280 ampliora

128 1296 278 1336 futura
307 1296 428 1342 sunt,
452 1293 614 1334 mirum
643 1305 778 1345 quam
801 1293 872 1333 uel
893 1297 990 1333 sola
1009 1306 1162 1334 eorum
1184 1306 1261 1345 spe
1291 1294 1591 1334 accendantur
1611 1296 1652 1333 et
1673 1294 1767 1334 ani·

127 1363 304 1401 mentur
346 1360 453 1399 dum
497 1359 689 1409 quisque
731 1358 835 1409 aliJ's
865 1371 916 1398 ea
946 1359 1210 1410 praeripere,
1243 1361 1285 1398 et
1327 1359 1514 1409 reliquis
1556 1359 1767 1399 omnibus

126 1426 389 1466 antecellere
418 1424 579 1465 studet.
613 1424 792 1464 Praeter
821 1424 930 1463 haec
959 1426 1107 1464 autem
1139 1424 1316 1475 publica
1350 1426 1392 1464 et
1420 1436 1572 1464 annua
1601 1424 1769 1465 doctio-

127 1492 252 1532 ribus
281 1491 456 1531 decreta
485 1489 697 1541 praemia,
729 1492 772 1529 et
801 1489 889 1529 alia
919 1489 1110 1529 subinde
1140 1489 1396 1529 iunioribus
1425 1490 1502 1541 qui
1532 1489 1695 1541 pietate
1724 1493 1766 1531 et

126 1556 359 1608 diligentia
402 1555 560 1595 classis
593 1566 701 1595 suae
741 1554 887 1594 socios
930 1557 1156 1606 superant,
1188 1555 1508 1603 conceduntur,
1542 1557 1590 1595 ut
1620 1555 1766 1596 modis

125 1622 336 1662 omnibus
365 1621 421 1661 ad
451 1621 734 1661 sanctitatem
763 1622 806 1660 et
834 1620 1128 1660 eruditionem
1176 1620 1419 1660 incitentur
1461 1620 1619 1671 optimi
1662 1621 1767 1661 ado-

125 1687 375 1727 lescentuli.
415 1686 723 1738 Tragoediam,
770 1686 950 1726 virtutis
992 1688 1035 1725 et
1079 1686 1322 1737 voluptatis
1364 1697 1562 1737 pugnam
1592 1688 1622 1733 1,
1654 1686 1767 1726 mira

124 1753 359 1805 grauitate,
391 1751 697 1792 satisfactione
727 1754 769 1791 et
799 1751 1021 1803 applausu
1062 1752 1311 1799 hominum,
1346 1751 1522 1802 publice
1551 1751 1763 1791 exhibue-

124 1820 243 1859 runt.
277 1818 396 1857 Haec
425 1817 583 1857 habuit
613 1817 813 1857 actiones
843 1817 1060 1856 sublimes
1089 1819 1132 1856 et
1161 1816 1414 1868 spectacula
1436 1828 1674 1867 pomposa,
1707 1817 1763 1856 ad

125 1884 337 1923 maiorem
367 1885 574 1922 ornatum
605 1882 796 1922 adhibiti
827 1883 1009 1922 fuerunt
1050 1882 1273 1922 tubicines
1317 1882 1613 1921 illustrissimi
1643 1882 1765 1933 prin-

123 1949 236 2000 cipis
266 1949 408 1988 nostri
438 1950 467 1988 2.
502 1948 806 1988 interfuerunt
849 1950 998 1988 autem
1043 1948 1211 1999 primae
1254 1947 1420 1986 actioni
1463 1949 1762 1998 spectatorum

122 2015 295 2066 aliquot
338 2014 478 2062 milia,
511 2016 602 2053 tam
645 2026 698 2053 ex
742 2014 926 2065 plebeis,
957 2026 1091 2065 quam
1136 2013 1409 2064 proceribus,
1433 2013 1549 2052 inter
1577 2025 1690 2064 quos
1719 2016 1763 2053 et

122 2080 209 2132 ipsi
238 2080 372 2120 etiam
402 2080 569 2119 affuere
604 2079 804 2119 iuniores
850 2080 1088 2131 principes,
1120 2091 1266 2118 coram
1312 2079 1620 2118 illustrissimo
1651 2079 1762 2119 duce

122 2145 428 2186 illustrissima
459 2157 597 2185 uxore
625 2145 780 2197 regina
810 2147 840 2193 3,
873 2146 1201 2196 praecipuaque
1245 2145 1463 2184 Bauariae
1499 2145 1758 2193 nobilitate;

121 2211 317 2251 secundo
347 2213 443 2251 acta
474 2213 540 2251 est
570 2211 727 2251 maiori
770 2210 904 2250 etiam
949 2213 1166 2262 apparatu
1210 2222 1290 2250 nec
1328 2210 1491 2249 minori
1520 2210 1757 2261 applausu.

121 2277 253 2317 Pueri
283 2279 468 2324 actores,
500 2277 647 2316 aulico
677 2276 836 2316 deinde
866 2277 1036 2327 excepti
1058 2278 1163 2316 sunt
1184 2275 1411 2323 conuiuio,
1434 2275 1600 2326 quibus
1629 2278 1759 2316 antea

120 2343 254 2382 etiam
284 2342 608 2393 pretiosissima
638 2353 841 2393 quaeque
876 2342 1143 2381 uestimenta
1187 2343 1228 2381 et
1271 2341 1400 2381 aulea
1443 2341 1759 2391 operorissima

120 2408 176 2447 ad
219 2407 431 2447 maiorem
475 2407 666 2447 actionis
709 2409 934 2455 ornatum,
979 2419 1032 2446 ex
1075 2407 1230 2446 eadem
1275 2406 1504 2446 illustriss.
1543 2406 1759 2458 principis

119 2474 239 2520 aula,
272 2473 603 2524 promptissime
645 2475 773 2513 erant
814 2485 1039 2514 concessa.
1071 2473 1193 2512 Dixit
1235 2472 1417 2523 quidam
1461 2483 1608 2511 coram
1639 2472 1759 2523 prin-

119 2539 230 2590 cipe,
262 2539 302 2579 ei
332 2540 388 2578 ab
426 2539 599 2578 intimis
641 2538 860 2587 consiliis,
893 2539 1003 2578 haec
1046 2537 1296 2578 iuuentutis
1340 2539 1519 2576 nostrae
1549 2537 1758 2577 exercitia

119 2604 289 2656 optima
317 2616 414 2644 esse
436 2604 582 2644 media
602 2603 838 2644 hominum
868 2604 1043 2643 animos
1082 2604 1250 2654 absque
1293 2602 1512 2642 seditione
1550 2602 1755 2651 iuuandi,

181 2742 192 2759 ¹
215 2739 267 2774 Cf.
293 2741 418 2773 Dufflz:
448 2740 676 2773 Gcschichte
701 2740 772 2773 der
793 2740 1013 2773 Jesm'ten...
1039 2740 1065 2779 I,
1090 2740 1163 2772 342.

180 2795 194 2814 ⁹
214 2793 389 2827 Albertus
412 2793 454 2826 V.

181 2849 193 2867 ³
214 2847 323 2880 Anna
339 2847 564 2880 Ferdinandi
581 2847 818 2888 imperatoris
835 2846 924 2879 filia.
943 2847 1028 2879 Filii
1046 2846 1121 2879 illis
1139 2846 1360 2888 superstites
1377 2847 1500 2878 erant:
1519 2845 1754 2886 Guilielmus,

118 2901 232 2933 natus
255 2910 353 2933 anno
378 2901 469 2939 1548,
511 2900 781 2940 Ferdinandus,
806 2910 843 2933 n.
869 2900 960 2940 1550,
986 2900 1114 2939 Maria,
1140 2909 1176 2932 n.
1202 2900 1294 2939 1551,
1333 2898 1449 2931 Maria
1486 2899 1754 2939 Maximiliana,

118 2963 154 2987 n.
179 2954 271 2995 1552,
296 2954 488 2993 Ernestus,
515 2963 550 2986 n.
577 2954 668 2986 1554.
707 2953 760 2987 Cf.
798 2953 1116 2986 RITTERsflusms:
1160 2952 1422 2993 Genealogiae
1453 2953 1753 2993 imperator-mn,

117 3016 268 3048 regum,
307 3007 466 3044 ducum,
505 3006 704 3043 comitum,
729 3007 757 3046 Ι,
782 3007 904 3039 Duces
942 3007 1151 3042 BAVARIAE:
1191 3006 1392 3038 Cnmsom:
1425 3005 1487 3037 La
1514 3004 1756 3048 Genealoyia

117 3060 215 3093 delle
238 3069 328 3093 case
344 3061 423 3102 pia
444 3060 600 3092 illustri
624 3059 667 3093 di
688 3061 787 3093 tutto
810 3060 840 3092 il
866 3060 1017 3100 mondo,
1041 3060 1180 3093 Tavola
1202 3059 1360 3092 CXXVI.
