2028 3531
331 280 401 315 368
802 279 1007 317 Ll'rrERAE
1041 280 1386 325 QUAanEs'rnsss
1406 302 1409 304 >

286 397 499 438 iuuenum
529 398 788 439 Societatem
820 399 1119 449 ingressorum
1150 397 1319 436 delectu
1349 402 1363 419 ³¹
1388 398 1534 446 auget,
1565 397 1608 435 et
1635 397 1776 434 ornat.
1818 395 1904 434 Ma-

286 463 403 502 xima
434 474 519 502 nos
544 474 730 514 semper,
752 465 919 515 quanto
949 463 1021 503 hic
1050 463 1131 502 fuit
1162 465 1369 511 tempore,
1392 460 1556 499 amoris
1581 459 1905 510 significatione

286 526 493 577 priuatim
524 530 566 567 et
595 528 769 578 publice
812 530 877 567 est
920 529 1192 578 prosecutus
1228 526 1278 565 Et
1308 537 1362 565 ne
1391 525 1474 564 hoc
1515 524 1694 563 silentio
1737 526 1905 575 praete-

287 603 420 639 ream,
452 604 549 632 cum
584 593 704 633 limus
734 595 883 632 noster
911 592 1269 642 archiepiscopus
1298 590 1350 629 ad
1391 601 1516 629 suam
1547 588 1905 628 Dominationem

286 656 375 696 duo
407 657 602 707 plaustra
633 657 724 696 vini
756 657 963 701 misisset,
998 668 1094 695 mox
1138 656 1275 694 altero
1308 654 1448 693 voluit
1491 665 1572 693 nos
1609 655 1651 692 et
1679 664 1836 692 ornare
1865 654 1905 692 et

287 724 482 761 nostram
514 722 709 773 inopiam
740 723 900 762 leuare.
936 722 1175 772 Pauperem
1205 731 1380 771 quoque
1422 719 1539 769 apud
1584 730 1664 757 nos
1697 717 1907 756 alitado·

287 786 537 833 lescentem,
569 799 699 838 quem
729 788 850 838 cupit
879 787 1140 827 Germaniae
1169 797 1264 824 esse
1293 784 1510 831 subsidio,
1540 783 1655 834 quod
1688 794 1785 822 eum
1822 782 1907 821 foe-

288 850 418 889 licius
461 851 773 900 praestiturum
817 851 1054 897 existimat,
1086 850 1121 889 si
1153 848 1385 889 Societatis
1424 847 1628 887 instituto
1661 858 1757 885 sese
1786 846 1907 885 addi-

288 915 414 961 xerit,
446 915 493 954 in
535 927 668 965 quam
717 916 920 961 maxime,
953 916 990 955 si
1034 915 1163 954 nobis
1206 913 1327 952 Vtilis
1371 913 1516 957 fuerit,
1549 911 1670 962 cupit
1718 910 1904 961 ingredj.

289 979 424 1019 Multa
455 983 559 1019 sunt
587 980 763 1031 quidem
795 983 836 1020 et
867 980 1088 1031 praeclara
1134 979 1267 1018 huius
1307 978 1388 1016 viri
1421 979 1705 1017 monumenta
1735 977 1777 1015 et
1806 975 1908 1014 faci-

289 1055 397 1083 nora
438 1045 626 1095 egregia,
657 1057 770 1095 quae
811 1056 939 1096 spero
981 1045 1114 1094 longo
1158 1046 1351 1093 tempore
1388 1041 1600 1092 suspiciet
1627 1042 1717 1080 tota
1749 1039 1765 1065 b
1803 1039 1907 1080 Ger-

290 1120 451 1147 mania.

370 1174 431 1213 10.
464 1174 649 1225 Scripsit
677 1176 981 1226 superioribus
1010 1175 1138 1214 etiam
1171 1173 1328 1212 diebus
1347 1172 1582 1222 episcopus
1612 1170 1908 1219 numburgen-

290 1239 353 1278 sis
382 1242 390 1263 1
425 1239 479 1278 ad
510 1240 561 1279 R.
592 1240 635 1280 P.
667 1242 876 1280 rectorem
920 1240 963 1278 id
993 1239 1077 1278 sibi
1109 1238 1275 1288 gratiae
1304 1249 1330 1276 a
1359 1236 1524 1275 nostris
1569 1234 1749 1275 concedi
1784 1245 1908 1284 expe-

290 1305 402 1349 tens,
436 1307 481 1343 vt
509 1304 809 1344 adolescentes
838 1317 950 1356 quos
979 1315 1085 1344 suae
1115 1302 1355 1342 destinabit¹
1383 1301 1607 1342 ecclesiae.
1642 1299 1828 1339 velimus
1864 1298 1909 1337 in

290 1370 627 1409 contubernium
660 1372 701 1408 et
730 1370 1005 1409 conuictores
1035 1369 1275 1407 admittere.
1306 1367 1384 1406 Vir
1411 1368 1557 1405 autem
1591 1367 1713 1404 tanta
1757 1364 1910 1403 huma·

291 1434 428 1473 nitate
460 1435 698 1484 praeditus,
730 1437 769 1474 et
802 1447 890 1473 non
935 1433 1142 1473 mediocri
1186 1432 1434 1471 eruditione
1476 1433 1675 1476 ornatus,
1708 1431 1752 1468 vt
1782 1428 1909 1467 facile

291 1499 346 1537 ab
375 1511 426 1537 eo
456 1499 584 1538 nobis
613 1500 847 1550 collegium
878 1499 1179 1550 polliceamur.

372 1564 433 1604 11.
466 1564 633 1615 Prodijt
664 1564 734 1603 his
763 1565 920 1603 diebus
948 1564 1126 1614 quidam
1159 1562 1338 1601 libellus
1368 1560 1616 1600 haereticus
1659 1558 1910 1610 germanico

293 1628 501 1668 idiomate
530 1630 721 1680 scriptus
749 1632 779 1673 ⁶³,
811 1629 886 1680 qui
917 1641 967 1668 eo
998 1629 1170 1667 videtur
1199 1627 1447 1674 institutus,
1484 1628 1528 1664 vt
1576 1623 1808 1664 Societatis
1851 1624 1908 1661 fa-

294 1700 408 1732 mam
440 1694 751 1744 proscinderet,
783 1705 966 1744 eamque
996 1693 1042 1731 in
1071 1693 1222 1731 odium
1252 1691 1370 1742 apud
1401 1690 1562 1739 vulgus
1591 1689 1809 1734 traheret·,
1846 1699 1911 1726 ve—

294 1770 390 1798 rum
420 1759 525 1798 dum
555 1771 643 1798 rem
675 1759 980 1809 expendimus,
1010 1758 1108 1808 plus
1138 1756 1284 1796 laudis
1313 1758 1355 1795 et
1384 1755 1550 1807 gloriae
1580 1754 1710 1793 nobis
1740 1752 1908 1794 tribuit.

293 1835 426 1873 quam
471 1824 659 1863 velimus
701 1835 951 1874 agnoscere.
986 1823 1074 1862 Nos
1116 1821 1291 1863 etenim,
1324 1823 1365 1860 et
1394 1819 1671 1860 colonienses
1707 1817 1908 1859 maxime.

293 1888 502 1928 ecclesiae
532 1900 739 1927 romanae
769 1888 970 1927 columen
1003 1889 1141 1930 vocat,
1174 1897 1343 1936 nosque
1372 1896 1468 1924 esse
1499 1884 1720 1935 praedicat
1757 1882 1912 1922 autho-

295 1965 377 1997 res,
400 1953 516 2003 quod
541 1953 754 2004 papistica
775 1953 919 1992 adhuc
942 1952 1095 2002 religio
1125 1952 1170 1990 in
1200 1952 1305 1989 orbe
1333 1950 1565 1989 cohaereat
1585 1960 1633 1987 ac
1656 1947 1908 1987 retineatur.

402 2018 517 2057 Haec
547 2020 666 2064 sunt,
691 2017 785 2057 nde
819 2017 863 2056 in
894 2016 1068 2056 Christo
1100 2016 1187 2059 Pr„
1218 2026 1404 2066 quorum
1437 2014 1485 2053 T.
1515 2014 1565 2052 R.
1599 2012 1912 2052 Paternitatem

293 2083 516 2123 consciam
546 2095 641 2122 esse
684 2082 921 2122 voluimus.
955 2082 1218 2120 Praecamur
1260 2082 1406 2119 autem
1449 2078 1611 2117 obnixe
1652 2076 1836 2127 singulj,
1869 2077 1912 2114 vt

294 2160 394 2187 cum
426 2149 568 2187 fructu
600 2147 788 2197 vberiorj
820 2146 866 2185 in
896 2146 1025 2185 vinea
1056 2145 1230 2195 Dominj
1267 2143 1433 2183 versari
1464 2142 1701 2193 possimus,
1744 2143 1913 2180 vestrae

295 2213 513 2263 imprimis
544 2213 590 2252 P.
624 2213 685 2251 ita
713 2211 842 2251 etiam
877 2212 1060 2250 fratrum
1090 2222 1139 2249 ac
1170 2210 1347 2248 Patrum
1382 2208 1584 2259 precibus
1614 2210 1655 2246 et
1684 2205 1912 2255 sacrificijs

296 2277 514 2317 iuuemur.
547 2276 756 2316 Coloniae
789 2276 903 2322 1561,
934 2276 960 2313 4
986 2275 1106 2324 Junij
1131 2298 1180 2302 -—
1201 2274 1248 2314 T.
1281 2274 1330 2313 R.
1364 2274 1411 2313 P.
1444 2273 1564 2312 filius
1594 2271 1819 2322 indignus,

1320 2398 1546 2437 HEchus
1577 2395 1803 2436 SomAmus
1829 2395 1857 2433 ³.

403 2479 696 2517 Desideratm·
727 2478 976 2526 inscriptio.

358 2688 375 2706 a
398 2678 558 2710 E'mend.
582 2687 629 2709 em
652 2677 822 2709 delectat.
847 2695 886 2698 —
911 2676 928 2701 b
949 2677 1027 2707 tota
1050 2684 1173 2715 snpra
1201 2684 1298 2706 vers.

360 2842 370 2859 ¹
395 2839 512 2871 Iulius
535 2837 651 2878 Pflug,
676 2844 749 2877 quo
772 2836 929 2873 mortuo,
954 2842 1052 2865 anno
1084 2834 1174 2871 1564,
1209 2832 1369 2865 cessavit
1403 2832 1465 2864 ille
1497 2831 1746 2872 episcopatus.
1782 2829 1912 2875 Eume,

298 2893 372 2965 111,ss
385 2892 456 2977 21ζὲ
469 2944 538 2976 hoc
559 2942 684 2975 libello
706 2941 790 2974 vide
806 2940 859 2972 sis
874 2948 970 2981 quae
993 2939 1178 2971 hahentur
1200 2938 1298 2979 apud
1322 2938 1484 2977 HANSEN,
1508 2937 1531 2970 l.
1556 2946 1586 2970 c.
1611 2937 1650 2968 n⁰
1671 2936 1732 2968 268
1753 2935 1804 2977 (p.
1827 2935 1913 2975 391),

299 2999 335 3031 et
357 2997 663 3033 BRAUNSBERGER,
688 2994 711 3026 l.
736 3003 766 3026 c.
792 2993 854 3032 111,
877 2992 950 3024 813.

361 3053 373 3070 ³
395 3050 488 3083 Vide
513 3048 605 3080 Litt.
635 3046 855 3087 Quadrima„
878 3045 921 3083 V,
948 3045 1018 3082 141,
1043 3045 1169 3076 annot.
1196 3045 1224 3076 1.
