2028 3531
294 284 363 319 366
764 283 968 319 LITTERAE
1006 282 1350 327 QUADmMEs‘rRsss

250 404 295 442 vt
327 402 506 441 domum
556 402 744 442 instruat
793 402 941 441 futuro
989 398 1220 440 Societatis
1267 395 1469 447 collegio,
1518 397 1561 435 et
1606 394 1867 435 aduenturis

250 467 389 507 Roma
429 466 654 513 fratribus,
686 468 728 506 et
759 465 976 517 pluribus,
1021 474 1209 515 quorum
1253 472 1431 512 operam
1476 459 1680 511 flagranti
1719 458 1867 499 studio

250 531 354 571 boni
384 543 538 571 omnes
566 533 789 582 expetunt.

331 597 367 635 7.
400 595 514 646 Quid
531 598 677 635 autem
702 595 885 645 singuli,
908 594 983 644 qui
1005 593 1120 644 apud
1144 604 1225 631 nos
1245 592 1350 630 sunt
1366 589 1540 640 reliqui,
1562 588 1866 640 profiteantur,

250 660 353 700 item
384 661 548 711 quibus
577 660 726 711 offitiis
754 661 1038 710 occupentur,
1069 657 1144 708 qui
1178 658 1400 701 vocentur,
1423 656 1466 694 et
1493 654 1545 693 ad
1577 665 1691 704 quae
1719 652 1869 692 viden-

252 727 322 765 tur
351 725 504 764 munia
532 725 737 764 obeunda
766 723 1052 773 accommodj,
1085 721 1186 771 alijs
1216 715 1372 766 literis,
1403 730 1516 770 quae
1546 730 1645 758 cum
1676 717 1746 756 his
1777 728 1870 768 per-

252 790 467 837 feruntur,
499 789 729 841 sigillatim
761 790 810 828 R.
845 789 913 828 Pr.
947 788 994 827 Ι).
1030 786 1284 826 Leonardus
1314 784 1474 823 scribet
1505 786 1533 823 ².

330 855 368 895 8.
403 855 579 894 Praeter
624 856 796 901 fratres,
841 853 1117 893 conuictores
1166 850 1295 890 nobis
1323 850 1652 889 commorantur
1680 847 1731 886 52
1759 854 1792 893 ὃ,
1825 846 1870 885 in

251 919 416 970 quibus
444 919 760 970 quamplurimi
791 921 895 958 sunt
933 929 1090 968 genere
1140 915 1333 961 nobiles3
1373 914 1521 964 plures
1550 914 1697 951 autem
1732 911 1871 951 multo

253 985 304 1024 ad
348 984 583 1035 collegium
630 984 985 1034 commigrarent,
1022 982 1107 1021 nisi
1144 980 1226 1020 loci
1271 979 1474 1030 angustia
1520 989 1602 1017 nos
1645 977 1871 1028 premeret.

254 1049 362 1088 Nam
415 1049 563 1089 statim
612 1052 743 1100 atque
790 1048 976 1087 discedit
1023 1046 1260 1097 quispiam,
1311 1056 1400 1083 non
1448 1045 1536 1082 tam
1586 1042 1808 1082 discedere
1837 1040 1870 1087 Ι),

253 1126 386 1165 quam
429 1114 555 1153 alteri
598 1114 750 1153 cedere
794 1113 980 1152 videtur.
1028 1112 1131 1150 Post
1176 1112 1334 1149 festum
1384 1108 1573 1159 paschae
1617 1119 1695 1158 pro
1737 1105 1873 1146 huius

254 1179 434 1219 scholae
480 1178 800 1218 consuetudine
839 1177 986 1216 studia
1031 1174 1397 1220 instaurauimus,
1447 1185 1535 1224 quo
1579 1184 1667 1211 non
1715 1182 1871 1222 parum

254 1244 309 1283 ad
356 1244 502 1283 studia
538 1243 727 1283 studiosi
773 1242 1032 1292 inflammat]
1082 1242 1199 1279 sunt.
1247 1238 1368 1288 Quae
1413 1249 1543 1288 porro
1587 1236 1798 1276 lectiones
1827 1235 1873 1274 in

255 1309 447 1359 singulis
476 1308 696 1348 classibus
740 1307 1064 1358 praelegantur,
1105 1307 1145 1343 et
1184 1304 1260 1355 qui
1300 1304 1604 1354 praeceptores
1642 1301 1874 1352 profitean-

256 1377 340 1421 tur,
374 1374 423 1413 R.
457 1374 525 1413 Pr.
560 1373 817 1413 Leonardus
846 1372 1030 1411 seorsim
1060 1382 1156 1410 cum
1189 1370 1391 1419 catalogo
1420 1367 1650 1418 expressit,
1682 1366 1758 1417 qui
1790 1376 1875 1404 vna

255 1451 354 1478 cum
387 1439 457 1478 his
487 1439 627 1478 literis
654 1438 842 1476 mittitur
869 1438 898 1476 ‘-'.
933 1436 1261 1486 Discipulorum
1283 1436 1446 1480 autem,
1470 1433 1507 1472 si
1529 1432 1577 1471 T.
1602 1432 1652 1470 R.
1675 1431 1721 1471 P.
1745 1441 1875 1481 quae·

257 1506 323 1542 rat
358 1515 609 1550 numerum,
641 1502 813 1553 physici
858 1503 961 1540 sunt
1004 1501 1070 1543 25
1105 1499 1235 1550 logici
1279 1498 1345 1544 32,
1377 1498 1575 1536 rhetores
1617 1496 1683 1540 502,
1725 1497 1876 1546 poetae

256 1580 333 1608 seu
364 1568 645 1607 humanistae
679 1567 744 1613 96,
777 1565 1052 1616 grammatici
1095 1564 1346 1614 superiores
1378 1562 1467 1609 110,
1500 1559 1775 1613 grammatici
1805 1559 1876 1599 de-

257 1633 391 1683 nique
421 1632 552 1672 rudes
581 1634 622 1671 et
652 1631 882 1670 inferiores
914 1631 1010 1673 160:
1043 1642 1154 1680 quos
1188 1629 1225 1667 si
1270 1628 1315 1667 in
1359 1638 1576 1666 summam
1621 1625 1873 1670 contrahas,

258 1697 394 1737 futuri
425 1699 528 1736 sunt
561 1696 756 1735 vniuersi
786 1696 876 1735 475.
909 1695 1049 1733 Tanta
1084 1694 1154 1733 liis
1192 1695 1383 1744 quatuor
1413 1691 1640 1731 mensibus
1670 1690 1783 1729 facta
1812 1690 1877 1727 est

257 1762 577 1812 discipulorum
607 1760 813 1803 accessio,
845 1762 890 1798 vt
921 1771 1007 1798 non
1053 1758 1327 1797 meminerim
1361 1768 1428 1796 me
1459 1756 1670 1795 maiorem
1700 1754 1772 1793 hic
1801 1754 1878 1792 aut

258 1826 424 1865 vidisse
455 1837 663 1876 mquam,
686 1827 762 1864 aut
788 1824 1030 1863 audiuisse.
1055 1822 1286 1873 Comperio
1317 1822 1434 1861 enim
1466 1820 1648 1860 rectoris
1677 1818 1877 1868 catalogo

261 1892 335 1930 na
364 1891 448 1930 hoc
477 1889 787 1941 quadrimestri
818 1889 1047 1939 ascriptos.
1081 1888 1244 1927 Omnes
1274 1886 1480 1938 gnauiter
1502 1887 1590 1924 tum
1624 1884 1670 1923 in
1700 1883 1875 1934 pietate,

259 1958 349 1995 tum
384 1956 429 1995 in
459 1955 600 1994 literis
636 1966 685 1993 ac
722 1953 1003 2004 philosophia
1035 1953 1343 1992 instituuntur.
1378 1950 1577 1991 Confessi
1616 1951 1721 1988 sunt
1750 1959 1775 1987 a
1805 1947 1879 1986 Fe-

259 2021 438 2060 bruario
467 2020 633 2070 singuli
663 2019 901 2070 quinquies
931 2015 1234 2057 sacerdotibus
1265 2016 1429 2056 nostris
1450 2016 1505 2055 ad
1532 2015 1577 2054 id
1607 2012 1875 2058 constitutis,

259 2085 335 2136 qui
367 2085 411 2123 in
443 2085 498 2134 iis
528 2083 762 2123 audiendis
791 2082 1078 2133 quatriduum
1110 2091 1123 2107 ⁶
1156 2083 1333 2121 fuerunt
1363 2079 1581 2130 occupatj,
1627 2078 1673 2117 in
1715 2077 1879 2128 quibus

261 2150 440 2201 plurimi
463 2150 641 2188 fuerunt
661 2148 738 2199 qui
760 2160 849 2187 non
871 2148 965 2187 sola
986 2147 1262 2186 confessione
1282 2145 1476 2186 contenti
1498 2145 1552 2184 ad
1573 2142 1879 2183 sanctissimae

260 2215 393 2253 etiam
423 2213 716 2253 eucharistiae
745 2212 1040 2262 sumptionem
1077 2213 1368 2251 accesserunt.
1408 2210 1568 2249 Nullus
1606 2208 1700 2247 dies
1739 2217 1879 2257 neque

260 2279 525 2325 dominicus,
558 2289 698 2328 neque
737 2278 875 2316 festus
905 2276 1282 2327 praetermittitur,
1315 2275 1424 2326 quin
1468 2274 1631 2325 aliquis
1674 2275 1750 2312 aut
1787 2282 1879 2310 car-

264 2344 395 2387 mine,
427 2346 503 2382 aut
534 2354 678 2393 prosa,
710 2345 785 2381 aut
816 2344 1000 2395 Vtroque
1039 2352 1209 2391 genere,
1242 2341 1287 2379 in
1317 2340 1516 2379 omnium
1559 2337 1876 2387 discipulorum

262 2410 303 2447 et
353 2408 663 2458 magistrorum
707 2408 930 2445 conuentu
973 2406 1200 2444 declamet.
1252 2405 1336 2444 Vix
1379 2405 1511 2444 etiam
1556 2403 1643 2442 vlla
1689 2411 1880 2452 rnquam

325 2581 341 2599 a
362 2573 403 2603 5⁶2
435 2579 561 2612 supra
597 2579 698 2603 vers.
724 2589 761 2592 —
786 2570 804 2596 b
825 2569 965 2601 discere
991 2578 1059 2600 ms.
1085 2588 1121 2590 —
1147 2579 1161 2594 ν
1184 2568 1343 2600 Emend.
1374 2578 1422 2600 eae
1443 2567 1705 2609 quadriduum.

326 2735 334 2751 ¹
361 2732 437 2764 Has
458 2732 603 2763 litteras
626 2730 794 2762 invenire
817 2739 889 2761 non
914 2729 1111 2760 valuimus.

325 2788 337 2805 ²
359 2785 427 2816 Hic
464 2784 662 2825 Catalogus
695 2783 894 2815 lectionum
929 2783 965 2814 et,
999 2783 1275 2822 praeceptorum
1310 2782 1433 2819 editus
1457 2782 1513 2813 est
1542 2780 1653 2812 simul
1679 2788 1763 2812 cum
1796 2779 1882 2811 aliis

263 2839 372 2871 catal.
396 2838 564 2879 antiquis
587 2847 607 2869 a
631 2837 668 2869 P.
694 2836 798 2868 Duhr
819 2836 917 2876 apud
942 2835 1215 2875 Mitleilungyen
1241 2835 1312 2867 der
1330 2834 1588 2874 Gesellschaft
1610 2834 1680 2874 [ἂν
1702 2832 1883 2864 deutsche

266 2892 515 2931 Erziehumys
538 2908 552 2913 -
574 2889 660 2921 und
681 2888 1024 2929 Schulyeschichte
1048 2887 1254 2928 (Jahrgang
1276 2887 1359 2919 Vlll
1384 2887 1503 2928 [1898]‚
1534 2886 1630 2926 Heft,
1657 2886 1723 2924 92-3,
1747 2885 1782 2917 S.
1807 2885 1880 2916 130-

271 2945 340 2983 146)
356 2943 426 2975 sub
442 2943 554 2975 titulo
569 2953 575 2974 :
597 2955 611 2970 «
629 2942 694 2973 Die
711 2942 868 2973 altesten
885 2939 1152 2980 Studienpliine
1168 2940 1232 2971 des
1247 2939 1675 2981 Jesuitengymnasiums
1690 2938 1730 2970 in
1746 2937 1838 2969 Koln
1853 2949 1883 2968 ».

267 3002 377 3034 Aliud
400 3001 605 3042 exemplum
632 3000 718 3032 huic
742 2998 971 3031 simillimum
996 2998 1186 3030 invenitur
1209 2998 1245 3029 in
1264 2999 1341 3030 cod.
1364 2998 1491 3030 Germ.
1509 2997 1593 3033 142,
1618 2997 1641 3029 f.
1659 2996 1741 3035 22&
1765 2995 1882 3037 prius,

270 3057 321 3087 171
350 3055 451 3095 (154).
