2028 3531
474 272 554 308 628.
584 294 627 299 —
653 273 839 311 BowomA
870 274 915 310 10
940 274 1171 311 FEBRUARH
1202 274 1292 310 1562
1601 272 1670 309 785

80 393 296 442 tempore,
324 390 362 429 si
391 392 572 442 quando
603 392 667 431 illi
698 393 829 433 domo
872 394 1123 433 exeundum
1168 393 1267 440 fuit,
1300 393 1465 432 relictis
1494 393 1575 432 49¹·
1604 403 1718 443 quos

80 467 234 496 secum
264 467 318 495 ex
347 463 365 482 a
386 455 617 496 Lusitania
648 458 835 498 duxerat
863 470 1034 503 seruos,
1066 470 1156 498 non
1199 458 1287 498 nisi
1323 469 1462 498 unum
1492 469 1544 497 ex
1574 456 1719 496 fratri-

85 521 184 568 bus,
215 520 346 572 quasi
375 519 609 561 Societatis
651 525 828 563 nostrae
872 524 1093 570 sacerdos,
1125 523 1329 563 comitem
1374 523 1645 569 assumebat,
1676 523 1718 562 et

87 592 309 632 uilissima
338 591 470 632 etiam
501 593 676 633 culinae
706 594 848 634 officia
878 594 997 634 domi
1028 606 1236 646 peragere
1265 606 1355 634 non
1385 594 1521 634 semel
1552 593 1719 633 uoluis-

82 659 166 705 set,
197 669 392 709 suasque
421 657 577 708 culpas
607 658 653 697 in
685 660 925 699 coenaculo
970 660 1154 700 fratrum
1199 671 1318 699 more
1355 659 1501 710 palam
1531 658 1716 710 aperire,

85 723 173 763 nisi
204 723 312 763 haec
341 725 383 763 et
413 723 500 762 alia
532 723 751 763 eiusmodi
784 725 835 764 R.
870 726 916 765 P.
951 726 1109 765 Rector
1152 725 1245 765 fieri
1284 725 1611 777 prohibuisset;
1644 724 1718 763 de-

85 787 222 839 nique
252 787 315 827 ita
344 787 578 826 nobiscum
610 791 814 828 uersatus
844 792 924 837 est,
948 792 995 829 ut
1016 792 1191 829 tantum
1213 801 1295 829 nos
1324 801 1376 829 ex
1405 789 1503 829 eius
1531 799 1719 828 consue-

85 852 242 892 tudine
271 852 595 892 consolationis
625 854 915 904 coeperimuS,
947 857 1166 905 quantum
1196 855 1291 906 ipse
1320 867 1373 894 ex
1403 854 1588 894 fratrum
1619 853 1718 893 reli-

83 917 233 969 gione,
266 918 498 965 modestia,
530 920 572 958 et
601 919 816 959 charitate
847 920 1016 960 fructus
1037 932 1083 959 se
1104 920 1309 960 retulisse
1330 932 1409 971 pro
1430 931 1513 959 sua
1541 919 1680 958 animi
1702 918 1719 944 b

87 983 389 1023 moderatione
418 983 735 1031 confitebatur,
768 985 886 1035 quod
917 997 1005 1024 non
1038 986 1169 1025 modo
1195 985 1302 1036 quia
1331 985 1445 1025 scitu
1477 996 1552 1036 per
1581 996 1627 1024 se
1657 984 1721 1024 di-

84 1049 353 1101 gnissimum
384 1051 492 1092 erat.
525 1049 601 1089 sed
633 1050 773 1089 multo
804 1051 961 1101 magis,
994 1053 1041 1090 ut
1071 1051 1178 1099 dixi,
1211 1052 1267 1090 ob
1296 1063 1347 1091 ea
1376 1062 1489 1102 quae
1519 1062 1718 1102 sequun-

86 1116 174 1162 tur,
205 1114 566 1153 commemoraui.
597 1113 704 1154 Cum
736 1115 854 1154 enim
886 1118 983 1165 post
1006 1127 1170 1166 paucos
1200 1115 1303 1155 illos
1332 1115 1427 1155 dies
1456 1115 1632 1154 tandem
1665 1114 1719 1154 ad

84 1179 417 1231 amplissimum
447 1191 497 1219 ac
527 1180 859 1220 nobilissimum
905 1181 1222 1220 monachorum
1255 1181 1536 1232 quorundam
1566 1192 1722 1220 coeno-

89 1245 227 1292 bium,
251 1256 340 1295 quo
361 1245 542 1296 saepius
572 1245 792 1285 inuitatus
816 1246 972 1292 fuerat,
996 1246 1346 1297 commigrasset,
1369 1258 1420 1285 eo
1441 1246 1488 1285 in
1509 1246 1605 1285 loco
1629 1245 1726 1285 tam*

88 1310 314 1361 praeclara
357 1310 411 1349 de
454 1309 672 1350 Societate
716 1312 870 1350 nostra
913 1311 1089 1350 locutus
1131 1314 1212 1360 est,
1246 1313 1294 1351 ut
1335 1311 1517 1362 quidam
1547 1322 1600 1350 ex
1630 1310 1722 1349 illis

91 1376 323 1416 monachis
371 1378 627 1415 nostrorum
676 1376 919 1416 amicitiam
969 1377 1254 1416 uehementer
1295 1378 1561 1427 expeterent.
1606 1375 1722 1415 Hinc

92 1442 287 1493 profecto
317 1441 466 1492 aditus
498 1441 628 1481 nobis
657 1441 906 1481 latissimus
936 1442 991 1481 ad
1022 1442 1244 1482 iuuandos
1265 1442 1430 1482 multos
1459 1453 1512 1480 ex
1542 1441 1635 1481 illis
1656 1443 1719 1480 est

92 1506 361 1557 patefactus;
395 1519 497 1546 nam
542 1507 715 1557 primus
761 1507 978 1553 omnium,
1010 1507 1294 1547 uenerandus
1335 1506 1517 1558 quidam
1548 1518 1601 1546 ex
1630 1506 1723 1546 illis

86 1571 310 1618 sacerdos,
342 1572 618 1611 nouitiorum
654 1572 697 1611 in
730 1584 775 1611 re
814 1581 828 1597 Γ
859 1572 1074 1611 litteraria
1118 1572 1381 1619 moderator,
1414 1571 1511 1622 pias
1542 1571 1722 1611 medita·

88 1637 248 1685 tiones,
281 1649 395 1688 quae
438 1637 692 1688 spiritualia
735 1637 944 1676 exercitia
988 1649 1215 1685 uocamus,
1247 1637 1303 1676 ab
1345 1649 1435 1677 uno
1470 1649 1522 1676 ex
1556 1636 1723 1676 nostris

88 1702 300 1742 Patribus
329 1703 512 1742 edoctus
541 1704 629 1751 est;
662 1714 852 1754 cumque
895 1702 933 1742 is
964 1703 1024 1742 ita
1055 1702 1327 1753 profecisset,
1360 1704 1410 1742 ut
1438 1701 1604 1741 fraenis
1633 1701 1723 1740 iam

90 1767 240 1819 potius
270 1779 407 1819 quam
437 1767 686 1807 calcaribus
716 1767 950 1819 indigeret.
982 1767 1085 1819 alijs
1119 1768 1223 1806 item
1269 1766 1500 1806 monachis
1532 1769 1578 1806 ut
1607 1766 1723 1806 idem

89 1833 300 1880 facerent,
323 1833 562 1884 persuasit.
596 1833 715 1872 Inter
744 1844 858 1884 quos
888 1835 1039 1884 postea
1069 1844 1159 1872 non
1190 1832 1427 1872 defuerunt
1456 1832 1533 1883 qui
1563 1843 1609 1871 se
1638 1831 1726 1882 pri-

90 1899 230 1939 uatim
276 1901 447 1950 praeter
475 1910 604 1938 suam
634 1898 1000 1938 consuetudinem
1034 1910 1195 1949 magno
1224 1897 1381 1937 ardore
1410 1897 1549 1936 animi
1574 1897 1724 1949 flagel-

89 1964 248 2012 larent,
289 1964 365 2015 alij
407 1963 674 2015 generaliter
703 1963 841 2003 totius
870 1965 972 2003 ante
1002 1965 1124 2003 actae
1155 1962 1273 2002 uitae
1315 1964 1493 2013 peccata
1532 1962 1724 2002 confessi

88 2031 207 2079 sunt,
230 2031 279 2069 ut
309 2029 355 2068 in
385 2040 507 2080 spem
538 2029 795 2069 uenerimus
826 2029 932 2077 fore,
956 2031 1004 2068 ut
1034 2031 1171 2068 totum
1197 2028 1309 2067 illud
1330 2028 1567 2079 collegium
1590 2027 1725 2079 (quod

89 2095 260 2146 alioqui
291 2107 383 2134 non
412 2095 524 2135 satis
552 2096 665 2135 bene
694 2095 919 2145 audiebat)
951 2095 1006 2134 ad
1037 2094 1265 2133 meliorem
1286 2094 1459 2145 frugem
1479 2094 1724 2133 reuocetur.

89 2160 201 2214 Nam
231 2161 285 2200 de
315 2160 532 2200 Societate
562 2163 714 2200 nostra
757 2172 891 2211 quam
935 2160 1157 2211 praeclare
1195 2171 1349 2199 omnes
1379 2159 1588 2205 sentiant,
1621 2158 1726 2198 hinc

91 2214 193 2266 licet
222 2226 487 2277 intelligere,
510 2226 629 2278 quod
660 2226 710 2266 R.
734 2226 858 2265 illius
889 2225 1145 2277 monasterij
1177 2225 1316 2264 abbas
1345 2226 1507 2264 certam
1542 2224 1727 2264 eleemo-

92 2303 252 2343 synam
274 2292 422 2339 nobis,
446 2304 499 2331 ex
529 2304 617 2343 quo
652 2292 719 2331 illi
751 2291 948 2331 Societas
978 2290 1188 2338 innotuit,
1211 2290 1405 2341 singulis
1434 2289 1727 2329 hebdomadis

94 2359 162 2398 est
189 2358 421 2409 elargitus,
446 2358 614 2397 maiora
643 2357 777 2397 etiam
798 2357 846 2396 in
867 2358 1108 2408 posterum,
1132 2357 1181 2395 ut
1201 2355 1437 2406 significat.
1461 2355 1724 2394 donaturus.

92 2422 178 2463 Sed
209 2423 262 2462 de
292 2423 364 2463 his
393 2423 502 2463 haec
531 2423 648 2463 dicta
678 2422 914 2462 sufficiant.

171 2488 210 2528 6.
235 2487 363 2538 Quod
383 2489 439 2528 ad
461 2500 562 2528 eum
585 2488 731 2528 locum
753 2488 1061 2527 suburbanum
1084 2486 1241 2525 attinet
1262 2486 1314 2525 de
1335 2497 1422 2536 quo
1444 2485 1490 2524 in
1512 2484 1727 2535 proximis

93 2553 254 2593 litteris
283 2554 339 2593 ad
383 2553 429 2592 T.
465 2554 518 2594 R.
552 2554 599 2593 P.
633 2553 784 2593 missis
827 2553 1041 2603 scriptum
1086 2552 1169 2591 fuit
1199 2554 1227 2599 1,
1259 2550 1372 2590 illud
1416 2550 1460 2589 in
1505 2550 1727 2601 praesenti

90 2619 307 2667 occurrit;
340 2621 468 2659 nocte
497 2631 547 2658 ea
578 2630 691 2670 quae
720 2618 837 2658 diem
868 2618 1029 2657 festum
1075 2618 1225 2656 beatae
1265 2616 1509 2666 Reparatae
1539 2615 1728 2666 virginis

93 2684 331 2735 praecedit,
363 2685 435 2724 cui
466 2685 682 2736 templum
704 2684 766 2723 ibi
796 2686 861 2723 est
883 2685 1204 2730 consecratum,
1228 2682 1366 2721 fuisse
1392 2680 1516 2720 illius
1546 2680 1728 2732 uigilias

93 2750 376 2790 sanctissime
405 2750 663 2790 celebratas.
693 2749 802 2790 Cum
833 2749 952 2789 enim
974 2748 1111 2788 ueteri
1134 2746 1455 2787 consuetudine
1476 2746 1606 2785 multi
1626 2757 1729 2786 noc-

155 2930 173 2948 a
194 2921 276 2955 Del.
304 2922 409 2955 Luxi.
428 2941 468 2945 -—
492 2922 509 2948 b
531 2922 613 2955 Del.
639 2922 833 2954 modestia.
859 2940 898 2943 —
922 2930 936 2948 c
965 2921 1086 2952 Prima
1110 2920 1214 2960 relig.

159 3073 169 3091 ¹
191 3071 285 3104 Vide
308 3081 343 3113 p.
368 3072 440 3104 332.

167 3161 328 3189 annAE
349 3161 630 3196 Qumnmnsrnns.
652 3177 685 3181 —
706 3160 786 3188 Tom.
809 3159 875 3187 VII.
1625 3156 1660 3182 50
