2028 3531
451 289 531 325 6022.
561 311 598 315 —
630 289 873 326 VINDOBONA
900 289 945 326 229
972 289 1164 326 IANUARH
1194 289 1284 326 1562
1588 287 1655 323 747

73 409 135 450 ris
163 421 255 449 non
284 409 471 449 obscure
501 408 549 448 Τ.
583 409 634 448 R.
667 409 913 449 coniectare
936 409 1079 460 potuit
1108 411 1137 456 1,
1162 408 1406 448 foecundae
1430 418 1607 459 quoque
1636 417 1708 446 ex-

72 474 276 525 titerint),
309 475 357 514 ut
388 473 540 513 multis
569 474 702 513 etiam
724 475 986 525 parasangis
1015 486 1065 514 ea
1096 476 1320 525 superent,
1344 473 1440 513 siue
1470 483 1706 512 numerum

74 539 469 592 peregrinantium,
497 539 594 578 siue
620 551 797 579 emensa
818 541 874 579 ab
895 540 959 579 eis
988 548 1005 566 ²¹
1038 540 1213 581 itinera.
1237 539 1333 578 siue
1356 539 1525 578 fructus
1554 548 1707 576 eorum

74 605 323 646 uberrimos
351 605 546 656 spectes3
579 605 666 643 iam
697 605 815 644 enim
847 617 935 644 non
967 618 1012 645 se
1043 605 1158 645 intra
1182 605 1317 644 huius
1340 602 1595 655 prouinciae
1626 604 1707 641 ter-

75 671 235 718 minos,
281 672 330 710 ut
371 671 489 717 ante,
521 670 853 714 continuerunt,
890 671 966 710 sed
1012 671 1219 710 Austriae
1263 670 1374 709 fines
1416 667 1597 719 egressi,
1630 667 1706 718 alij

74 736 279 776 Boemiae
308 747 410 775 oras
439 735 697 786 attigerunt,
730 735 806 786 alij
841 736 1133 781 Hungariam,
1166 735 1240 786 alij
1288 734 1532 774 Morauiam
1578 733 1709 783 longe

73 803 250 852 lateque
278 802 569 852 penetrarunt
598 802 720 839 tanta
750 812 849 839 cum
882 801 1226 851 fragrantissimi
1248 800 1398 839 odoris
1419 799 1472 838 de
1493 798 1709 838 Societate

74 868 208 914 fama,
238 868 406 918 quanta
451 865 642 904 maxima
687 877 797 916 pene
841 878 937 905 esse
984 868 1138 916 potest.
1170 866 1280 905 Nam
1329 876 1426 904 cum
1464 874 1619 903 omnes
1649 863 1710 902 ita

74 944 180 972 suas
210 931 527 971 informassent
556 930 767 971 rationes.
802 934 847 970 ut
879 931 964 970 sibi
996 931 1110 970 hihil
1154 931 1338 970 omnino
1382 930 1429 968 in
1472 940 1553 968 sua
1593 940 1711 979 pere-

74 997 328 1050 grinatione
358 998 530 1048 praeter
565 996 634 1035 sui
666 996 810 1047 ipsius
857 997 1219 1036 mortificationes
1250 998 1291 1036 et
1324 995 1512 1046 proximi
1544 994 1711 1034 utilita—

74 1065 160 1103 tem
212 1062 516 1114 quaerendum
554 1073 651 1101 esse
689 1061 922 1109 ducerent;
974 1062 1060 1101 huc
1108 1074 1262 1101 omnes
1307 1060 1472 1112 ingenij
1527 1071 1706 1106 neruOS,

74 1140 202 1169 suam
232 1127 516 1169 industriam.
541 1139 690 1178 preces
719 1126 737 1152 b
767 1128 994 1178 animique
1020 1127 1452 1172 commentationem,
1476 1125 1609 1165 remis
1638 1136 1711 1164 ue-

74 1194 220 1245 lisque
268 1193 402 1245 (quod
451 1193 593 1243 aiunt)
644 1193 804 1232 referre
852 1193 1019 1243 singuli
1077 1194 1370 1232 conabantur.
1418 1191 1574 1231 Libere
1631 1190 1712 1242 igi-

75 1262 148 1299 tur
188 1259 275 1299 sibi
323 1258 503 1298 obuiam
553 1258 692 1298 factos
735 1259 791 1297 ad
829 1259 1147 1306 confessiones,
1194 1257 1249 1297 ad
1293 1269 1444 1297 sacrae
1491 1267 1712 1308 synaxeos

76 1324 418 1376 perceptionem,
467 1326 510 1363 et
557 1326 605 1363 ut
651 1324 774 1363 carni
820 1335 869 1363 ac
909 1323 1034 1372 uitijs
1078 1325 1340 1374 perpetuum
1388 1322 1553 1361 bellum
1598 1320 1713 1360 indi-

75 1392 237 1439 cerent,
283 1402 373 1430 non
425 1401 525 1429 raro
577 1389 952 1433 exhortabantur:
1004 1389 1196 1433 iurandi,
1239 1388 1462 1439 iurgandi,
1508 1387 1710 1438 potandi,

77 1456 307 1508 Deumque
336 1455 382 1495 id
405 1467 547 1507 genus
569 1455 695 1506 uitijs
725 1455 995 1502 offendendi,
1021 1466 1163 1494 mores
1189 1453 1550 1504 corruptissimos
1572 1460 1587 1478 0
1616 1452 1713 1492 ubi—

75 1533 162 1573 que
193 1533 354 1572 magna
398 1532 498 1560 cum
529 1521 731 1560 omnium
777 1520 1083 1559 aedificatione
1132 1520 1307 1558 abolere
1355 1518 1709 1563 contendebant;

78 1586 327 1627 uisitabant
355 1586 487 1626 aedes
517 1587 814 1636 aegrotorum.
848 1585 1029 1624 adibant
1061 1596 1271 1630 carceres,
1304 1583 1552 1636 gymnasia,
1575 1585 1617 1622 et
1637 1582 1713 1622 tri-

78 1652 220 1692 uiales
249 1651 466 1703 quasdam
488 1652 633 1691 scolas
663 1651 869 1702 ingressi,
895 1651 1171 1690 iuuentutem
1193 1650 1248 1689 ad
1271 1652 1461 1689 ueterem
1493 1648 1712 1688 maiorum

76 1729 257 1757 suorum
282 1717 490 1768 pietatem
516 1729 674 1768 magno
696 1728 795 1756 cum
818 1716 1034 1763 omnium,
1059 1718 1151 1755 tum
1174 1717 1506 1767 praeceptorum
1529 1725 1712 1753 suorum

77 1782 314 1834 applausu,
346 1782 599 1822 excitabant
643 1782 1084 1831 inflammabantque.
1119 1780 1414 1821 Contionibus
1458 1791 1563 1819 uero
1601 1790 1714 1830 quas

78 1847 125 1887 in
155 1847 377 1898 supremis
406 1859 538 1898 saepe
567 1847 802 1887 ciuitatum
824 1846 1016 1897 templis,
1049 1846 1241 1885 diuersis
1262 1844 1280 1871 d
1303 1844 1520 1896 paroecijs
1551 1846 1593 1883 et
1625 1855 1713 1883 mo-

78 1909 287 1964 nasteriis
334 1913 654 1953 celebrioribus
702 1913 755 1952 ad
806 1912 1021 1963 populum
1070 1912 1337 1957 habuerunt,
1370 1910 1414 1949 id
1445 1921 1536 1949 non
1566 1909 1711 1948 solum

77 1980 183 2018 sunt
212 1978 420 2023 assecuti,
441 1980 489 2018 ut
508 1978 555 2017 in
578 1978 900 2018 haereticorum
928 1977 1092 2016 animis
1114 1987 1273 2027 graues
1293 1974 1591 2014 conscientiae
1615 1985 1716 2013 acu-

78 2044 172 2084 leos
201 2044 518 2095 relinquerent,
550 2055 704 2083 uerum
734 2043 883 2084 etiam.
907 2045 956 2082 ut
977 2043 1173 2094 quidam.
1198 2041 1356 2080 diuina
1385 2052 1460 2079 eos
1490 2040 1676 2079 iuuante
1697 2046 1713 2065 θ

78 2109 236 2161 gratia,
268 2109 324 2149 ad
354 2111 533 2149 sanctae
563 2109 785 2149 Ecclesiae
815 2108 1032 2159 gremium
1066 2107 1217 2146 multis
1247 2118 1347 2146 cum
1379 2104 1621 2156 lachrymis
1650 2116 1715 2143 re-

79 2176 371 2222 uerterentur,
400 2177 532 2226 atque
562 2175 609 2214 in
630 2186 681 2214 ea
702 2186 748 2214 se
780 2174 889 2213 mori
913 2174 1028 2212 uelle
1049 2173 1257 2212 dicerent.
1283 2172 1491 2222 Magnum
1514 2169 1713 2209 studium

79 2240 356 2292 multamque
385 2251 563 2291 operam
587 2240 633 2279 in
655 2239 867 2279 tollendis
890 2239 1181 2290 parochorum
1206 2249 1304 2276 cum
1327 2236 1422 2276 suis
1452 2234 1715 2275 concubinis

79 2306 216 2357 (quod
247 2306 414 2346 malum
445 2306 558 2357 proh
588 2306 716 2345 dolor
744 2305 816 2345 his
847 2305 893 2344 in
925 2305 1034 2343 locis
1064 2302 1434 2354 pernitiosissime
1469 2302 1713 2352 grassatur)

79 2371 498 2417 consuetudinibus,
530 2373 663 2422 atque
684 2371 788 2421 alijs
809 2382 962 2410 eorum
995 2369 1192 2408 moribus
1214 2380 1237 2407 a
1261 2379 1343 2407 suo
1364 2367 1505 2406 offitio
1535 2365 1714 2405 alienis-

79 2437 221 2485 simis,
254 2437 434 2489 quando
463 2437 655 2477 dabatur
683 2436 873 2483 occasio,
915 2434 1258 2486 diligentissime
1287 2433 1580 2472 collocabant.
1614 2431 1716 2470 Tes-

79 2504 199 2542 tatur
228 2502 273 2542 id
302 2514 410 2542 sane
431 2503 503 2542 uel
526 2502 708 2542 unicum
739 2501 1013 2552 praeclarum
1046 2499 1158 2539 illud
1188 2498 1453 2548 exemplum.
1474 2496 1581 2536 Nam
1615 2508 1715 2536 cum

80 2567 219 2607 ieiuni
249 2567 389 2619 aliqui
415 2579 567 2607 eorum
589 2569 681 2607 toto
702 2567 773 2606 die
795 2567 1012 2605 immensa
1034 2564 1168 2604 semel
1190 2562 1485 2603 confecissent
1507 2561 1713 2608 miliaria,

78 2634 211 2685 atque
240 2633 493 2685 Direnpacb
515 2633 651 2684 (quod
681 2634 747 2672 est
778 2631 1004 2671 Morauiae
1026 2630 1256 2681 oppidum)
1281 2627 1576 2679 appulissent,
1609 2626 1717 2666 scis-

143 2825 163 2844 a
182 2817 229 2850 ab
253 2817 308 2850 eis
325 2827 453 2859 supra
476 2826 592 2856 vers„
629 2817 739 2849 delet.
764 2817 847 2849 eius
870 2816 930 2857 (ἲ).
956 2834 995 2837 —
1020 2817 1037 2843 b
1058 2822 1182 2856 preses
1218 2821 1288 2844 ms.
1314 2811 1392 2844 Alt.
1417 2820 1475 2843 ex.
1512 2819 1650 2852 preces.
1677 2829 1718 2833 —

82 2879 98 2898 c
116 2870 201 2913 ch.
216 2871 321 2904 verb.
336 2871 516 2908 deletum,
532 2871 636 2912 quod
651 2871 776 2912 legere
790 2869 1057 2911 nequivimus.
1073 2887 1111 2889 —
1125 2867 1140 2893 *l
1164 2866 1245 2898 Del.
1261 2864 1452 2907 paroesijs.
1470 2883 1510 2887 —
1523 2872 1539 2891 e
1560 2864 1717 2896 iuuante

81 2934 209 2967 supra
231 2933 348 2961 vers„
374 2925 496 2958 deleto
519 2924 742 2966 opitulante.

146 3087 156 3105 ²
179 3085 273 3119 Vide
296 3095 331 3128 p.
356 3086 430 3118 280.
