2028 3531
510 294 591 330 559.
619 315 660 320 —
689 293 890 331 CORDUBA
918 293 936 329 1
966 292 1222 330 SEPTEMBRIS
1250 293 1339 329 1561
1644 294 1712 330 443

124 411 271 452 lacion
300 424 378 464 per
405 412 473 452 las
502 413 673 453 buenas
703 424 875 454 nueuas
903 424 989 464 que
1031 414 1224 452 cuentan
1253 411 1320 451 asi
1350 412 1404 451 de
1434 414 1640 452 nuestros
1672 412 1759 452 Res

123 491 152 530 y
181 478 420 518 hermanos
448 490 534 530 que
563 478 653 518 3113
682 479 846 526 andan,
878 489 1005 517 como
1034 476 1232 517 tambien
1261 478 1317 517 de
1347 477 1389 517 la
1418 476 1685 517 conuersion
1707 477 1760 516 de

124 543 192 583 los
221 543 424 594 gentiles.
458 543 563 583 Esto
592 555 639 583 es
668 543 712 583 lo
741 555 827 595 que
856 554 902 582 se
934 554 1001 582 me
1031 542 1174 592 ofrece
1195 541 1364 582 screuir
1384 542 1534 581 destos
1562 542 1588 580 4
1618 552 1760 581 meses

123 608 353 660 passados.
385 608 562 660 [Preces
589 608 824 660 postulat]
847 608 910 648 De
931 607 1152 659 Coymbra
1172 607 1216 647 31
1247 607 1410 658 primer
1435 607 1488 646 de
1518 606 1760 647 Setiembre

125 673 179 713 de
210 673 314 712 1560
343 675 371 713 1.

231 739 318 778 Por
345 738 587 779 comission
618 739 689 779 del
720 739 790 779 P.0
811 739 919 778 D.10r
954 737 1113 778 Miron.
1148 737 1253 789 Hijo
1283 749 1336 777 en
1368 737 1447 777 X.0
1481 737 1535 777 de
1572 737 1621 778 V.
1655 737 1703 777 P.

1169 839 1322 879 Panno
1353 849 1411 878 DA
1441 837 1591 879 SYLUA
1621 839 1650 878 ².

230 965 489 1015 Inscriptio.
521 965 551 1014 †
580 963 753 1003 Literae
782 962 1131 1015 quadrimestres
1162 961 1350 1014 Collegii
1381 961 1761 1002 Conimbricensis

124 1028 295 1068 calend.
328 1027 551 1080 Septemb.
583 1040 703 1068 anno
734 1028 851 1075 1561,
885 1027 1126 1067 mittendae
1156 1027 1358 1068 Romam.

230 1094 337 1133 Alia
366 1106 534 1134 manu:
563 1093 728 1144 Volgar
756 1092 827 1132 del
858 1092 974 1133 1561.

886 1364 999 1414 559

552 1519 606 1570 R
665 1518 932 1569 PETRUS
987 1518 1322 1569 ACEVEDO

598 1656 787 1682 CORDUBA
819 1646 834 1681 1
863 1656 1114 1682 SEPTEMBRIS
1144 1645 1233 1681 1561
1260 1645 1285 1681 3.

122 1783 160 1818 1.
190 1778 426 1819 Sociorum
467 1791 702 1818 numerus.
753 1778 920 1826 Quibus
962 1778 1123 1818 mediis
1166 1778 1383 1828 religiosa
1424 1777 1668 1827 disciplina
1697 1777 1763 1826 fo—

229 1845 402 1884 veatur.
436 1866 486 1871 —
516 1848 608 1883 2·3.
639 1845 945 1883 Alumnorum
988 1856 1222 1891 numerus,
1254 1855 1416 1882 mores.
1472 1842 1665 1890 Quidam
1694 1854 1761 1880 eo-

231 1922 335 1949 rum
366 1910 482 1949 alios
513 1910 570 1949 ad
612 1911 825 1949 virtutem
856 1910 1031 1948 trahere
1061 1910 1298 1948 conantur.
1336 1909 1613 1947 Litterariae
1642 1920 1764 1946 eoeer·

230 1977 478 2015 citationes.
510 1977 729 2015 Praemia
772 1976 1138 2026 diligentioribus
1167 1976 1347 2015 collata.
1379 1975 1566 2014 Festum
1615 1973 1761 2014 SSmi.

231 2040 515 2080 Sacramenti
544 2042 584 2079 et
614 2040 696 2081 Sti.
726 2042 920 2080 Ioannis
962 2041 1093 2091 Bapt.
1127 2040 1407 2080 carminibus
1448 2041 1487 2078 et
1520 2039 1642 2078 ludis
1679 2050 1767 2078 sce-

229 2108 346 2146 nicis
389 2107 651 2146 celebratur.
684 2128 735 2133 —
763 2110 807 2145 4.
838 2106 1069 2157 Frequens
1113 2107 1280 2145 civium
1328 2117 1574 2144 concursus
1605 2104 1662 2143 ad
1691 2116 1763 2143 sa-

231 2172 462 2211 cramenta
500 2173 549 2210 in
578 2172 734 2210 nostro
780 2172 956 2222 templo.
992 2171 1149 2210 Nostri
1193 2183 1353 2221 aegros
1385 2182 1485 2209 cum
1515 2172 1563 2209 in
1584 2181 1764 2208 nosoco-

230 2238 350 2284 miis,
384 2237 478 2275 tum
502 2249 586 2287 per
612 2237 766 2275 domos
792 2236 1001 2287 privatas
1026 2236 1230 2275 visitant.
1262 2235 1394 2274 Fidei
1423 2235 1685 2274 rudimenta
1713 2235 1763 2272 in

231 2314 405 2342 carcere
434 2302 600 2342 docent.
630 2324 683 2328 —
711 2306 754 2340 5.
783 2302 893 2341 Bini
921 2301 1172 2341 eoecurrunt
1202 2301 1260 2340 ad
1288 2300 1443 2339 urbem
1477 2299 1635 2339 Gabra.

203 2440 233 2490 -1-
263 2439 352 2479 Ihs.
389 2439 493 2490 Muy
531 2437 630 2479 R.d0
660 2439 730 2478 Ρ.Θ
761 2450 857 2478 nro.
905 2450 960 2478 en
1004 2437 1135 2478 Chro.
1183 2437 1276 2477 Pax
1320 2436 1458 2485 Chri„
1504 2438 1584 2476 etc.
1620 2435 1763 2487 [Licet

122 2518 268 2557 parva
305 2507 397 2545 sint
437 2518 549 2556 quae
587 2507 842 2554 evenerunt,
883 2503 1064 2556 scribet]
1073 2536 1080 2543 .
1115 2503 1201 2543 Los
1230 2515 1316 2555 que
1346 2503 1389 2542 al
1420 2503 1622 2554 presente
1652 2503 1764 2540 esta-

188 2667 198 2684 ¹
220 2664 314 2698 Vide
337 2664 619 2697 annotationem
642 2664 755 2697 initio
781 2664 966 2705 epistulae
989 2664 1163 2705 positam.

187 2720 200 2737 2
221 2718 264 2750 In
300 2718 470 2760 catalogo
503 2717 631 2759 colleg.
667 2717 975 2750 conimbricensis
1009 2717 1149 2749 mensis
1183 2716 1284 2758 Sept.
1306 2717 1379 2748 1561
1409 2715 1503 2757 (cod.
1528 2714 1626 2746 Lus.
1650 2713 1711 2746 43.
1737 2713 1762 2746 f.

126 2772 201 2813 136)
224 2771 398 2804 censetur
430 2771 529 2803 inter
551 2779 614 2803 eos
647 2771 712 2812 qui
737 2771 900 2803 secundo
934 2770 1063 2803 cursui
1087 2770 1227 2802 artium
1262 2769 1428 2802 student.
1461 2768 1503 2800 In
1527 2768 1598 2799 cat.
1624 2766 1763 2799 mensis

126 2825 195 2858 Iul.
221 2825 303 2857 1559
325 2824 432 2866 (ibid.
457 2824 481 2857 f.
505 2824 562 2865 82)
584 2824 724 2857 dicitur
748 2825 786 2856 17
819 2833 1002 2856 annorum
1026 2825 1063 2856 et
1086 2824 1299 2865 ingressum
1323 2823 1362 2854 in
1393 2822 1615 2854 Societatem
1639 2829 1764 2852 mense

126 2879 298 2920 Augusto
322 2878 414 2911 1556.
440 2878 594 2910 Demum
617 2878 657 2910 in
680 2879 752 2910 cat.
777 2877 949 2910 eborensi
973 2877 1063 2910 anni
1089 2877 1170 2910 1565
1200 2876 1291 2909 ibid.
1316 2876 1340 2908 f.
1365 2876 1456 2908 Qssev
1471 2875 1495 2915 .)
1520 2875 1675 2906 vocatur
1698 2873 1765 2906 oli-

125 2932 350 2974 siponensis.
376 2931 478 2971 Quae
500 2931 768 2964 confirmantur
790 2940 836 2964 ex
869 2930 1181 2973 responsionibus
1217 2930 1264 2962 ad
1299 2928 1616 2970 interrogationes
1640 2926 1763 2959 Patris

125 2986 245 3019 Nadal
268 2985 345 3027 (IV,
369 2986 458 3027 392).

188 3041 201 3059 ³
222 3039 276 3072 Ex
298 3040 434 3081 origin.
459 3039 498 3071 in
522 3039 600 3072 cod.
625 3039 814 3081 Hisp.98,
839 3039 876 3072 ff.
895 3040 924 3079 1,
949 3039 990 3079 Ως
1015 3039 1120 3080 prius
1145 3039 1215 3077 160,
1236 3038 1306 3070 161.
1323 3037 1480 3069 Exstant
1504 3035 1577 3068 duo
1596 3035 1764 3077 exempla

126 3093 246 3126 latina
268 3093 309 3125 in
331 3092 367 3126 ff.
392 3093 454 3125 310
476 3102 580 3134 sqq.;
604 3093 666 3125 313
689 3102 769 3134 sqq.
