2028 3531
565 287 646 323 5035.
673 308 719 312 —
749 286 907 322 OCANIA
936 285 980 320 14
1006 284 1106 320 MA11
1135 283 1221 319 1561
1596 281 1667 316 315

79 406 306 458 negotium
338 406 482 446 fuerat
518 405 851 451 demandatum,
897 403 1160 443 Societatem
1205 401 1323 441 iusta
1365 412 1601 451 exposcere
1644 411 1716 438 as-

79 471 406 518 seuerantibus,
438 482 630 521 quorum
660 468 880 509 sententia
901 480 952 508 ac
972 467 1109 507 huius
1129 466 1283 518 oppidi
1305 467 1489 505 senatus
1509 464 1716 504 consulto

81 548 159 588 pro
180 536 311 576 nobis
331 536 464 576 etiam
487 536 592 584 lato,
615 535 671 575 ad
692 533 1081 585 congregationem
1103 544 1181 572 seu
1212 531 1464 583 generalem
1494 529 1716 581 synodum

80 601 280 653 equitum
301 601 397 641 diui
420 601 568 641 Iacobi
589 603 720 652 (quos
740 599 829 639 alio
851 598 1031 638 nomine
1060 596 1443 637 commendatores
1472 594 1717 646 appellant)

81 666 300 715 adductis,
332 667 380 706 in
408 678 542 718 quam
573 665 711 706 totius
756 664 1002 715 Hispaniae
1047 662 1286 714 principes,
1331 663 1464 712 atque
1503 659 1613 699 adeo
1644 670 1718 698 rex

82 731 177 783 ipse
206 733 218 755 1
249 733 567 779 conuenerant,
598 730 776 771 abunde
806 729 925 769 uotis
956 728 1121 768 nostris
1150 727 1401 767 estfactum
1423 725 1547 765 satis.
1577 724 1718 763 Tanta

81 799 148 836 est
176 797 295 848 apud
329 809 484 837 omnes
513 797 566 836 de
596 795 762 836 nostris
793 795 839 834 in
869 794 1125 834 discordum
1156 792 1321 832 animis
1351 791 1405 830 ad
1436 789 1718 830 concordiam

82 862 361 909 reducendis,
392 863 605 912 concepta
633 861 802 912 opinio,
836 862 884 900 ut
906 859 981 899 uix
1011 858 1280 903 simultates,
1312 856 1534 896 tumultus
1556 857 1598 894 et
1620 854 1720 894 lites

81 927 355 975 exoriantur,
387 940 501 979 quae
522 939 598 978 per
617 928 796 966 nostros
826 925 975 977 pacari
1005 924 1157 964 statim
1187 934 1343 963 omnes
1372 933 1463 961 non
1493 920 1718 960 studeant.

85 993 133 1032 Id
162 993 342 1044 quidem
372 992 549 1044 generis
578 1003 753 1043 possem
799 991 1019 1042 permulta
1064 989 1238 1036 referre,
1271 988 1310 1027 si
1341 988 1424 1027 hoc
1455 998 1595 1026 unum
1631 996 1721 1024 non

83 1058 194 1098 satis
223 1058 336 1098 illud
378 1058 618 1097 arbitrarer
659 1057 854 1108 aperire:
890 1058 937 1096 ut
966 1067 1067 1095 cum
1097 1054 1331 1105 sexaginta
1373 1051 1539 1092 abhinc
1582 1049 1722 1090 leucis

84 1124 155 1163 uir
183 1124 464 1163 truculentus
493 1123 721 1163 hominem
750 1122 974 1174 quendam
1004 1120 1320 1160 interfecturus
1349 1117 1570 1158 adductus
1593 1116 1720 1161 foret,

84 1201 173 1240 quo
203 1189 386 1241 impune
416 1190 587 1240 (autore
617 1188 729 1228 tanti
759 1187 940 1228 sceleris
970 1186 1215 1238 incognito)
1251 1186 1402 1235 posset
1431 1182 1599 1223 crimen
1631 1180 1721 1232 pal-

85 1254 186 1294 liari
221 1261 254 1302 ὓ,
288 1253 392 1294 huic
438 1254 553 1293 malo
597 1253 726 1293 facile
756 1266 780 1292 a
820 1253 950 1292 Patre
993 1251 1127 1291 fuerit
1169 1249 1418 1289 obuiatum.
1466 1247 1639 1287 Addam
1682 1246 1725 1285 et

85 1320 201 1359 inter
229 1319 441 1370 primates
483 1319 596 1359 duos
626 1319 644 1345 ¹³
677 1318 988 1359 acerbissimas
1032 1316 1285 1357 simultates
1332 1316 1524 1361 exortas,
1570 1311 1725 1352 multis

86 1385 205 1425 uitae
247 1384 488 1424 discrimen
530 1384 846 1432 subeuntibus,
891 1395 1005 1435 quae
1049 1381 1256 1434 precibus
1300 1379 1454 1427 nullis,
1496 1377 1725 1428 nullisque

85 1451 230 1490 modis
259 1450 390 1490 leniri
435 1462 563 1501 posse
607 1450 891 1497 uidebantur,
937 1448 1155 1488 aduocato
1189 1446 1323 1486 etiam
1353 1457 1407 1484 ex
1445 1444 1570 1484 curia
1602 1442 1725 1493 regia

85 1516 288 1556 censorio
318 1516 463 1556 iudice
492 1517 539 1556 in
569 1518 720 1556 sontes
750 1515 1137 1561 animaduersum,
1170 1525 1195 1552 a
1226 1513 1355 1552 Patre
1385 1514 1549 1557 tamen,
1592 1510 1725 1549 rebus

86 1583 298 1622 omnibus
340 1583 550 1634 paccatis,
596 1594 675 1633 pro
720 1581 838 1622 uotis
881 1580 1099 1623 omnium,
1144 1578 1437 1629 omniumque
1484 1586 1724 1621 consensu,

88 1648 307 1688 beneuola
336 1648 425 1688 lata
455 1647 691 1694 sententia,
724 1646 919 1687 recessit.

167 1714 206 1753 4.
241 1714 302 1753 Iis
331 1714 436 1753 item
467 1713 625 1753 diebus
655 1713 819 1752 tradita
848 1713 955 1752 sunt
983 1711 1096 1751 uiris
1125 1710 1324 1761 quinque
1358 1707 1580 1759 spiritalia
1610 1717 1729 1745 exer·

88 1779 208 1826 citia,
240 1779 417 1819 cuidam
449 1778 707 1830 praesertim
740 1777 973 1817 mercatori
994 1776 1047 1816 de
1069 1776 1287 1816 Societate
1317 1775 1429 1813 bene
1455 1772 1627 1818 merito,
1651 1770 1728 1822 qui

88 1845 171 1884 hac
201 1845 484 1884 solummodo
504 1844 558 1884 de
579 1856 714 1884 causa
744 1843 898 1883 Toleto
929 1843 1017 1882 huc
1047 1840 1247 1881 accessit.
1272 1839 1401 1879 Faxit
1423 1838 1500 1878 Dei
1533 1837 1727 1882 bonitas,

91 1912 139 1949 ut
179 1921 258 1949 nos
288 1909 365 1961 qui
397 1910 443 1949 in
479 1910 577 1960 ipsa
621 1909 821 1948 uiuimus
869 1907 1102 1954 Societate,
1153 1906 1265 1945 tales
1309 1916 1391 1944 nos
1420 1903 1728 1947 exhibeamus,

89 1975 245 2026 quales
275 1975 419 2026 ipsius
448 1975 705 2014 institutum
735 1973 887 2025 exigit,
920 1975 1110 2024 tuosque
1131 1972 1177 2011 in
1200 1970 1377 2011 Christo
1407 1969 1593 2009 dilectos
1614 1966 1732 2006 filios

89 2040 223 2081 decet.
257 2040 432 2092 [Preces
459 2039 691 2092 postulat]
723 2038 966 2079 Olcadibus
995 2039 1009 2061 ²
1043 2037 1184 2088 pridie
1232 2036 1334 2075 idus
1378 2033 1479 2085 Maij
1531 2033 1646 2072 1561.
1680 2032 1730 2072 R.

92 2106 140 2146 P.
173 2105 221 2146 T.
255 2106 470 2146 minimus
499 2108 542 2145 et
570 2105 785 2157 indignus
816 2104 863 2143 in
893 2103 1071 2144 Christo
1102 2102 1222 2142 filius

1341 2209 1564 2248 Iossspflus
1595 2208 1623 2246 3.

201 2299 251 2338 R.
286 2299 333 2338 P.
368 2297 569 2338 Rectoris
600 2297 741 2337 iussu.

200 2366 461 2416 Inscriptio.

202 2430 293 2469 le.
326 2429 528 2469 Toscana
561 2452 609 2456 ——
638 2427 881 2468 Olcadibus
913 2450 962 2454 -
994 2427 1105 2466 Para
1151 2425 1193 2464 la
1226 2423 1465 2464 Prouincia
1508 2422 1562 2461 de
1606 2420 1736 2460 Italia

94 2495 205 2535 citra
236 2495 438 2535 Romam.

156 2690 175 2708 a
207 2681 342 2722 paliari
366 2689 438 2712 ms.
464 2698 503 2701 —-
527 2679 546 2705 b
582 2678 656 2711 duo
686 2687 755 2710 ms.

162 2845 171 2862 ¹
196 2842 393 2884 Philippus
417 2842 461 2874 ΙΙ.

161 2898 173 2915 ⁹
195 2896 307 2929 Varie
340 2905 474 2928 nomen
510 2895 613 2927 urbis
651 2907 666 2922 «
697 2893 821 2926 Ocafia
849 2907 864 2921 »
900 2892 1132 2925 scribebant:
1169 2890 1334 2929 Olcania‚
1371 2889 1522 2928 Ocania,
1559 2887 1738 2923 Ocannia,

98 2949 211 2989 Ocile,
241 2949 407 2981 Olcades

161 3005 173 3022 ³
194 3003 288 3036 Vide
311 3012 345 3044 p.
377 3003 428 3035 71.
