2028 3531
356 301 426 337 544)
827 299 1029 336 LITTERAE
1066 298 1410 343 QUAanEsrmns

313 420 479 459 mestici
509 428 524 445 ἱ·
556 419 791 458 [latuerunt
823 418 1013 466 (Christo
1035 417 1163 463 laus).
1197 415 1357 453 Breues
1386 411 1805 463 aegrotatiunculae,
1840 421 1927 449 ma-

312 485 427 524 xime
461 484 573 523 l‘atri
609 483 778 530 rectori,
811 494 900 521 non
930 483 1178 521 defuerunt.

391 550 428 589 7.
461 548 785 598 'remporalium
821 548 1028 597 poenuria
1070 547 1338 591 laboramus,
1380 543 1571 582 remedio
1614 541 1734 581 haud
1777 541 1928 591 despe-

313 616 482 655 rantes:
515 613 693 664 quidam
724 612 841 651 enim
873 612 1001 651 nobis
1033 609 1232 649 beneuoli
1267 607 1507 647 nonnullos
1527 608 1707 646 orarunt
1737 617 1788 645 ex
1818 604 1928 644 ciui-

314 680 410 721 bus,
448 681 495 718 ut
532 677 724 727 singulis
767 677 1098 716 aedomadibus.
1148 675 1210 713 vei
1258 673 1436 724 quando
1481 672 1646 717 uolent,
1691 670 1926 721 quicquam

313 744 602 792 largirentum
636 741 737 780 inde
768 741 893 780 multi
919 741 1016 791 plus
1037 740 1169 779 solito
1199 739 1395 788 erogant.
1431 735 1687 786 Recipiendi
1717 746 1822 774 cura
1853 733 1928 772 uni

312 820 363 847 ex
396 808 605 847 fratribus
634 807 866 845 commissa
895 808 987 847 est:
1024 806 1082 844 ita
1114 806 1173 845 tit.
1210 805 1256 842 ut
1287 802 1410 841 nullo
1439 813 1539 840 cum
1570 800 1714 840 taedio
1747 799 1928 838 eleemo-

312 884 450 923 synae
482 872 786 922 praebeantur.
820 870 1064 909 Dominans
1096 868 1168 907 ille
1200 868 1244 906 iu
1278 866 1406 906 nobis
1436 866 1554 904 Deus
1593 862 1931 904 necessitatibus

315 937 478 976 nostris
509 935 737 987 prouideat
767 947 855 985 quo
887 934 1014 974 modo
1046 934 1109 972 ilii
1143 932 1302 971 melius
1331 933 1370 970 et
1402 930 1564 970 rectius
1594 929 1857 968 seruiamus.

391 1002 430 1040 8.
463 1000 686 1040 Materiale
717 1002 916 1039 nostrum
943 998 1191 1038 aediticium
1216 996 1393 1047 longius
1416 994 1688 1046 prouehitur.
1714 993 1803 1032 Iam
1826 993 1931 1031 tem-

315 1066 374 1117 pli
406 1066 595 1105 fornices
624 1067 912 1111 extruuntur;
948 1065 1115 1114 praeter
1144 1063 1241 1105 hoc,
1274 1072 1386 1112 quae
1416 1060 1471 1099 ad
1500 1060 1679 1099 domum
1717 1057 1934 1108 pertinent

315 1131 523 1171 fundator
552 1132 563 1154 1
601 1130 781 1169 inchoat
823 1141 968 1179 opera.
1017 1129 1133 1167 lacta
1176 1128 1281 1165 sunt
1324 1137 1464 1176 nuper
1506 1115 1737 1164 cuiusdam
1780 1120 1929 1171 solarij

315 1196 601 1236 fundamenta
640 1194 791 1244 ampli,
837 1194 1045 1245 aegregij,
1092 1204 1246 1231 versus
1294 1192 1468 1230 hortum
1512 1188 1750 1235 tendentis,
1782 1199 1808 1226 a
1838 1187 1933 1226 1000

317 1261 392 1300 ubi
417 1272 614 1300 camerae
635 1262 754 1299 sunt.
778 1259 855 1298 Dei
877 1258 1019 1298 oculis
1041 1258 1207 1297 utinam
1243 1256 1409 1295 isthaec
1438 1255 1528 1294 sint
1557 1255 1696 1305 grata,
1729 1252 1774 1291 in
1803 1263 1933 1303 quem

318 1327 448 1366 tinem
480 1326 597 1365 Deus
626 1326 784 1364 cuncta
813 1324 1020 1372 dignetur
1052 1333 1322 1373 promouere.
1358 1320 1537 1372 [Preces
1564 1316 1802 1370 postulat]

422 1391 701 1441 Methymnae
731 1388 883 1439 Campi
914 1389 938 1427 5
967 1388 1038 1426 die
1068 1385 1337 1438 Septembris
1369 1385 1484 1424 1561.

423 1454 744 1494 Commissione
775 1453 821 1492 P.
856 1452 1054 1503 magistri
1086 1450 1273 1491 Joannis
1322 1449 1448 1488 Pauli
1485 1447 1697 1487 Rectoris.

423 1519 470 1560 T.
503 1520 549 1559 P.
583 1530 740 1558 seruus
769 1517 1126 1568 indignissimus.

1437 1567 1466 1617 ἢ
1496 1566 1766 1605 BONIFAcms
1795 1565 1824 1615 †
1851 1565 1881 1603 ².

1074 1744 1185 1794 577

684 1886 1073 1938 IOSEPHUS
1147 1884 1570 1935 FABRITIUS

788 2000 959 2031 NEAPom
987 1989 1008 2024 6
1035 1997 1283 2024 SEPTEMBms
1314 1987 1399 2022 1561
1427 1987 1451 2023 3.

318 2103 404 2138 1-2.
434 2100 708 2138 Domesticae
751 2110 835 2136 res.
871 2119 918 2123 —-
949 2101 989 2135 3.
1021 2098 1081 2135 De
1112 2097 1253 2134 morte
1282 2096 1517 2133 Franci-sci
1551 2094 1757 2133 Gramata
1786 2093 1825 2131 01
1857 2081 1941 2130 Ho-

426 2166 536 2204 ratii
570 2165 754 2203 Ge'ntile.
776 2185 826 2189 —
853 2168 897 2201 4.
929 2164 1170 2201 laniorum
1196 2163 1421 2200 sociorum
1449 2161 1658 2209 aloysium.
1690 2181 1741 2185 —-
1770 2162 1811 2196 5.
1832 2158 1940 2196 Pre-

426 2242 493 2268 ces
522 2231 560 2268 et
590 2230 790 2279 corporis
833 2228 1146 2277 afflictationes
1190 2227 1247 2264 ad
1286 2225 1522 2264 obtinenda
1558 2224 1779 2263 Ecclesiae
1813 2222 1938 2261 bona.

382 2372 401 2391 a,
421 2363 577 2396 domesti
601 2372 672 2395 ms.

384 2489 391 2507 ¹
417 2488 547 2520 Petrus
571 2486 775 2520 Cuadrado.

383 2543 395 2560 2
417 2541 535 2573 Natus
560 2540 598 2572 in
621 2539 755 2581 oppido
779 2538 852 2571 San
876 2538 1008 2569 Martin
1032 2538 1087 2569 del
1113 2537 1304 2576 Castafiarg
1329 2536 1521 2577 ingressus
1544 2534 1764 2567 Societatem
1780 2532 1943 2565 Salman-

322 2595 418 2627 ticae
441 2603 539 2626 anno
564 2594 654 2632 1557,
680 2592 815 2624 aetatis
839 2600 936 2623 anno
963 2592 1009 2623 19.
1036 2591 1103 2622 Per
1136 2590 1271 2622 multos
1305 2598 1423 2622 annos
1457 2588 1696 2620 humaniores
1729 2587 1874 2619 litteras
1907 2587 1943 2618 01

322 2647 544 2680 rhetoricam
570 2655 702 2687 magno
725 2655 807 2677 cum
830 2645 953 2677 fructu
977 2644 1114 2676 docuit.
1141 2644 1242 2675 Obiit
1266 2644 1303 2675 in
1328 2643 1462 2683 oppido
1478 2641 1704 2682 Villagarcia
1726 2641 1770 2672 de
1788 2639 1943 2680 Campos

322 2710 420 2733 anno
444 2700 535 2732 1606.
561 2700 602 2731 In
626 2699 794 2739 catalogo
817 2698 961 2738 collegii
989 2696 1280 2737 methymnensis
1297 2696 1450 2728 ineunte
1467 2694 1671 2735 Septembri
1700 2694 1784 2725 1561·
1806 2692 1943 2733 scripto

322 2754 422 2795 (Cod.
452 2753 553 2785 Cast.
579 2752 637 2789 13,
662 2752 686 2784 f.
713 2752 784 2791 111)
808 2751 851 2782 de
881 2759 923 2782 eo
957 2750 1116 2782 dicitur:
1146 2763 1159 2777 «
1178 2750 1215 2781 El
1241 2749 1320 2781 hro.
1345 2748 1418 2780 Ju0.
1444 2747 1635 2779 Bonifacio
1658 2747 1702 2778 de
1724 2746 1764 2778 23
1786 2747 1877 2777 anos
1900 2745 1944 2777 de

323 2807 415 2839 edad
438 2815 460 2847 y
484 2806 528 2838 de
551 2805 695 2846 Comp.a
716 2805 747 2836 4.
765 2804 878 2836 lector
901 2804 944 2835 de
968 2803 1003 2834 la
1024 2804 1044 2835 4
1068 2803 1196 2841 classe,
1215 2803 1258 2834 de
1275 2801 1472 2839 rethorica,
1490 2801 1616 2842 griego
1632 2809 1654 2841 y
1671 2799 1898 2831 humanidad
1912 2811 1942 2831 ».

324 2860 374 2892 De
397 2859 572 2900 operibus
595 2858 641 2890 ab
664 2867 706 2890 eo
730 2857 879 2898 scriptis
902 2856 946 2888 cf.
973 2856 1312 2888 UR1ARTE-LE01NA:
1338 2854 1553 2886 Biblioteca
1587 2853 1632 2885 cle
1665 2852 1872 2884 escritores
1899 2851 1944 2883 de

323 2913 364 2944 Ia
383 2912 598 2953 Uompam'a
623 2911 668 2943 de
690 2910 806 2942 Jesi'cs
823 2909 1131 2950 pertenecv'entes
1147 2918 1170 2940 (ι
1189 2909 1228 2940 Ia
1248 2908 1419 2948 antiqua
1435 2905 1663 2939 Asistencia
1680 2905 1725 2938 de
1740 2904 1942 2946 Esparca...

324 2965 351 3005 Ι,
376 2966 437 2997 5⁶25
466 2974 547 3006 sqq.

386 3020 399 3038 ³
421 3018 473 3050 Ex
495 3019 654 3058 autogr„
679 3018 721 3049 ut
744 3016 902 3054 videtur,
928 3015 965 3046 in
990 3015 1067 3046 cod.
1092 3014 1216 3055 Neap.
1242 3014 1324 3049 193,
1349 3013 1385 3045 ff.
1413 3013 1528 3052 3243&
1560 3012 1664 3054 prius
1697 3011 1844 3043 272-275.
1879 3009 1946 3041 Ex-

324 3072 399 3104 stat
421 3079 478 3103 ex.
504 3071 542 3102 in
566 3070 706 3103 archiv,
731 3068 912 3101 colonien.
937 3067 1100 3107 ΗΑΝΞΕΝ,
1126 3067 1149 3099 l.
1175 3076 1205 3100 0.
1230 3068 1301 3099 766.
