2028 3531
352 284 421 319 466
823 284 1025 321 errrmm:
1050 285 1395 329 QUAanEsrnns

304 402 516 452 oppidum
549 403 792 453 (sepultura
834 403 999 442 scilicet
1047 402 1179 449 asini)
1222 408 1238 426 «Ἰ
1280 403 1391 439 terre
1437 400 1643 440 conditus
1680 404 1759 441 est.
1804 402 1921 442 Haec

304 468 423 515 sunt,
458 466 546 507 ΗᾸῙΘ
574 467 621 506 in
656 467 732 506 X.0
766 468 854 513 Pr.‚
894 479 1006 518 quae
1037 467 1165 505 nobis
1194 477 1288 505 sese
1317 476 1436 504 nunc
1464 465 1656 505 offerunt
1688 468 1761 506 tue
1801 465 1921 507 R.‘¹²²e

306 531 352 571 Ρ.
385 532 630 571 scribenda.
664 533 913 579 Precamur,
947 535 989 571 vt
1032 532 1181 570 eadem
1213 529 1309 569 Rfla
1339 530 1384 569 Ρ.
1418 532 1494 569 tua
1532 532 1618 569 ‘nos
1660 531 1777 571 filios
1815 542 1921 571 suos

304 595 350 635 in
380 597 474 636 suis
511 596 788 636 orationibus
817 599 859 636 et
900 596 1128 645 sacrifieiis
1164 606 1298 645 Vsque
1333 594 1422 633 Deo
1456 595 1744 634 commendet.
1774 595 1920 646 Ingol-

304 660 434 712 stadij
467 660 673 701 Calendis
702 660 920 712 Septemb.
953 672 1070 699 anno
1102 661 1215 698 1561.
1253 660 1300 698 In
1330 657 1505 698 Christo
1535 659 1668 699 filius.

1253 747 1482 786 HENRICUS
1512 747 1755 787 ARBOREUS
1783 750 1810 787 ¹.

407 836 759 886 Quadrimestres
788 837 1153 887 ingolstadianae.

1053 1093 1166 1142 564

640 1233 1131 1284 STEPHANUS
1203 1233 1562 1283 TUCCIUS

768 1370 952 1396 MESSANA
981 1360 997 1395 1
1025 1370 1272 1396 SEPTEMBRIS
1308 1359 1395 1395 1561
1422 1359 1447 1395 2.

298 1495 335 1530 1.
365 1490 596 1530 Sociorum
637 1503 869 1538 numerus,
913 1502 1115 1539 munera,
1146 1490 1364 1537 valetudo,
1397 1490 1638 1540 disciplina
1684 1491 1913 1540 religiosa.

405 1556 629 1594 Alacriter
658 1568 809 1594 omnes
838 1557 886 1594 in
915 1556 1077 1594 scholis
1105 1556 1144 1594 et
1174 1557 1223 1594 in
1253 1555 1412 1605 templo
1444 1555 1664 1594 laborant.
1687 1577 1738 1582 —
1768 1559 1810 1594 2.
1843 1557 1918 1595 At-

405 1633 486 1670 que
514 1622 653 1659 unius
681 1621 864 1660 hortatu
892 1621 1016 1669 filius
1045 1621 1254 1659 occissori
1283 1620 1446 1658 matris
1487 1632 1598 1659 suae
1630 1622 1833 1669 ignoscit.
1865 1643 1917 1648 -

405 1689 446 1724 3.
476 1686 604 1723 Aliae
640 1697 772 1735 paces
814 1686 1155 1735 componuntur.
1189 1707 1239 1711 —
1265 1689 1309 1723 4.
1343 1684 1699 1724 Concubinarius
1741 1687 1856 1725 mire
1889 1698 1917 1725 a

398 1751 573 1800 peccato
602 1750 777 1789 recedit.
805 1772 855 1776 —
876 1754 917 1788 5.
946 1750 1101 1799 Aliqui
1130 1751 1250 1788 viam
1276 1750 1561 1800 perfectionis
1588 1751 1761 1790 ineunt.
1793 1772 1843 1777 —
1873 1755 1915 1790 6.

402 1816 583 1865 Aegroti
611 1815 651 1853 et
679 1815 846 1853 milites
868 1827 953 1864 pro
983 1815 1254 1864 confessione
1283 1814 1606 1854 exaudiuntur.
1626 1837 1676 1841 —
1699 1819 1739 1854 7.
1768 1816 1916 1855 Resti-

403 1881 598 1919 tuuntur
626 1880 742 1918 male
764 1880 917 1929 parta.
940 1901 990 1905 —
1020 1883 1061 1918 8.
1096 1879 1330 1919 Contiones
1359 1880 1698 1919 continuantur.
1723 1902 1773 1907 —
1795 1884 1915 1920 9-13.

402 1944 588 1992 Prorex,
627 1945 766 1983 Patre
805 1945 1076 1994 provinciali
1119 1945 1349 1992 excitante,
1395 1957 1529 1994 opera
1571 1957 1662 1983 non
1684 1957 1836 1995 pauca
1864 1947 1915 1985 in

402 2021 679 2048 communem
721 2009 965 2048 utilitatem
1007 2010 1281 2058 exsequitur.
1332 2031 1383 2036 —
1428 2013 1578 2048 14-15.
1625 2010 1916 2050 Annituntur

402 2086 572 2124 quoque
591 2075 701 2112 socii
729 2074 778 2112 ut
808 2074 1046 2113 monachae
1064 2074 1325 2124 religiosam
1346 2074 1636 2124 disciplinam
1657 2075 1697 2113 et
1717 2087 1915 2114 commu-

402 2150 502 2177 nem
531 2139 670 2177 vitam
700 2138 939 2177 observent.

377 2273 412 2312 1.
444 2273 473 2322 —1-
499 2271 593 2311 Jhs.
627 2272 717 2311 Pax
747 2271 925 2312 Christi.
975 2274 1054 2311 ete.
1107 2272 1262 2324 [Epist.
1295 2273 1435 2325 orda]
1480 2272 1529 2314 Ci
1576 2273 1836 2313 ritrouiamo
1866 2273 1913 2313 in

295 2337 450 2386 questo
478 2335 665 2386 collegio
694 2335 750 2375 da
778 2338 994 2386 quaranta
1023 2338 1101 2383 tre,
1133 2336 1203 2375 dei
1232 2336 1355 2387 quali
1385 2348 1500 2377 noue
1529 2349 1640 2376 sono
1678 2337 1909 2386 sacerdoti,

295 2402 337 2440 et
365 2400 409 2439 di
439 2400 583 2451 questi
613 2411 703 2440 uno
731 2400 754 2439 e
783 2398 801 2424 b
834 2400 865 2439 il
895 2400 941 2439 P.
975 2401 1151 2440 Rettore
1180 2403 1210 2449 ³,
1242 2401 1398 2441 l'altro
1430 2401 1648 2450 ministro,
1689 2414 1750 2442 un
1798 2403 1912 2442 altro

355 2555 372 2573 a
394 2547 623 2588 sepulturam
645 2548 704 2587 (.s.
729 2546 843 2587 asini)
866 2556 936 2579 ms.
952 2565 991 2569 ——
1014 2546 1032 2573 b
1053 2546 1071 2579 e
1094 2556 1220 2588 supra
1243 2557 1345 2581 vers.

356 2684 365 2700 ¹
388 2682 429 2713 In
452 2681 640 2722 responsis
664 2681 761 2713 datis
784 2690 882 2713 anno
906 2681 986 2713 1562
1018 2681 1063 2713 ad
1097 2682 1407 2724 interrogationes
1430 2683 1468 2716 P.
1495 2683 1611 2716 Nadal
1634 2683 1693 2725 (ΙΙ,
1718 2683 1794 2725 612)
1818 2683 1910 2716 dicit

293 2743 331 2766 se
354 2743 434 2766 esse
457 2743 501 2766 ex
524 2733 658 2774 oppido
681 2733 770 2765 Peer
791 2733 970 2765 dioecesis
993 2733 1203 2774 leodiensis
1228 2736 1269 2767 30
1291 2736 1425 2768 aetatis
1456 2745 1574 2768 annos
1597 2736 1744 2772 habere,
1769 2736 1806 2768 et
1828 2736 1848 2768 6
1869 2736 1910 2768 in

291 2785 475 2819 Societate
497 2786 637 2819 vixisse
655 2797 662 2820 :
687 2794 767 2818 esse
790 2786 1015 2818 sacerdotem
1032 2788 1068 2818 et
1084 2787 1234 2828 linguae
1257 2797 1409 2829 graecae
1431 2789 1686 2830 professorem.
1702 2787 1834 2821 Confer
1856 2788 1909 2821 sis

291 2838 415 2880 Epist.
440 2838 483 2871 P.
498 2838 643 2874 Naclal,
670 2838 715 2877 II,
732 2838 887 2873 554-555:
914 2838 1222 2872 BRAUNSBERGER:
1241 2840 1284 2872 Β.
1302 2840 1412 2872 Petri
1442 2840 1599 2873 Canisii
1614 2840 1753 2882 Epist„
1772 2840 1817 2880 II,
1835 2841 1906 2881 454,

291 2892 417 2924 annot.
451 2893 479 2923 1.

353 2945 365 2963 ²
387 2944 440 2976 Ex
462 2944 595 2985 origin.
621 2944 660 2975 in
693 2943 771 2976 cod.
806 2943 884 2976 Sic.
910 2944 991 2979 181,
1026 2943 1061 2976 ff.
1090 2945 1242 2981 9231-232:
1278 2946 1382 2987 prius
1417 2947 1564 2980 101-102.
1589 2946 1806 2988 Sequuntur
1834 2946 1908 2979 duo

291 2997 457 3038 exempla
479 2997 598 3029 latina
620 2997 658 3029 in
681 2997 716 3029 ff.
741 2997 890 3029 233-236.

353 3051 365 3069 ⁸
388 3049 424 3083 P.
450 3049 624 3082 Pantaleo
647 3049 802 3081 Rodino.
