2028 3531
353 264 369 298 ¹»
821 262 1023 299 Li'r'rERAe
1061 265 1406 308 Qummmics'rnes

299 383 487 423 costumi
517 383 561 422 di
596 383 750 433 prima,
782 383 861 421 che
891 383 1144 422 sentendosi
1178 384 1390 423 inclinato
1434 384 1604 431 all'ira,
1636 385 1836 425 desidera
1868 386 1923 424 ri-

299 450 475 487 trouare
500 448 724 498 qualcuno
754 447 826 486 dal
857 447 987 497 quale
1017 448 1082 487 sia
1115 449 1285 487 battuto
1318 449 1434 488 insin
1457 462 1480 487 a
1503 451 1626 489 tanto
1656 450 1736 489 che
1767 453 1924 501 questo

299 525 381 552 suo
413 513 521 552 uitio
551 513 616 552 sia
647 525 672 551 a
704 513 810 551 fatto
840 512 1073 551 sradicato.
1108 513 1203 552 Vna
1232 513 1381 552 donna
1402 513 1518 552 assai
1543 515 1705 561 nobile,
1730 514 1771 554 la
1792 514 1923 565 quale

299 579 335 617 si
358 580 619 618 cont‘essaua
640 578 712 616 dal
736 578 781 616 P.
811 578 998 623 Rettore,
1023 578 1136 616 s’era
1158 578 1449 617 determinata
1478 579 1521 618 di
1553 579 1743 618 uendere
1767 580 1924 620 alcune

297 654 377 682 sue
410 642 596 692 pretiose
628 642 738 681 uesti
771 654 846 692 per
874 641 995 680 darle
1038 654 1063 680 a
1107 642 1282 692 pouerig
1317 642 1357 681 la
1387 643 1491 693 qual
1534 654 1637 682 cosa
1678 644 1922 683 communi-

296 708 439 747 cando
468 707 553 746 co'l
587 707 631 745 P.
667 706 842 745 Rettore
888 708 929 745 t'u
975 706 1149 745 auisata
1191 707 1271 746 che
1315 707 1405 746 no'l
1438 709 1602 746 facesse
1645 719 1720 758 per
1748 708 1920 755 adesso,

297 772 418 811 accio
449 783 537 810 non
567 771 812 822 seguitasse
843 771 1030 821 qualche
1060 771 1225 820 grande
1264 772 1430 821 sdegno
1460 772 1529 811 (161
1560 773 1718 811 marito
1747 774 1789 812 et
1817 773 1921 812 delli

298 836 485 887 parenti,
519 848 587 874 ma
616 836 696 875 che
726 836 768 874 lo
798 835 1006 874 lasciasse
1037 847 1112 886 per
1143 847 1201 875 un
1232 839 1377 887 tempo
1425 837 1497 887 piu
1542 839 1807 887 opportuno.
1841 837 1921 876 Po-

297 901 378 940 trei
407 901 598 940 scriuere
627 900 671 939 di
705 900 825 939 molti
856 900 1056 950 cittadinj
1101 900 1332 951 principali
1376 904 1418 940 et
1460 901 1619 951 dottorj
1666 901 1710 940 di
1754 901 1878 953 legge
1908 902 1921 940 i

296 965 418 1016 quali
450 965 506 1004 113
536 965 667 1003 tirato
698 965 727 1003 il
760 965 805 1003 P.
844 965 1017 1003 Rettore
1056 965 1144 1004 alla
1189 966 1435 1016 frequentia
1478 966 1530 1005 de
1573 966 1853 1016 sacramenti.
1887 966 1922 1005 Il

297 1030 431 1069 frutto
461 1030 541 1069 che
570 1029 607 1068 si
638 1029 852 1079 raccoglie
894 1029 966 1067 dal
1009 1040 1126 1068 seme
1169 1029 1212 1069 di
1256 1032 1432 1081 quattro
1476 1030 1737 1080 predicatori
1782 1031 1920 1069 nostri

297 1106 385 1133 non
415 1095 437 1133 6
469 1094 658 1145 piccolo:
692 1094 723 1132 il
753 1094 832 1133 0116
863 1094 919 1132 113
949 1093 1066 1132 35531
1097 1094 1365 1133 demostrato
1395 1107 1483 1134 una
1513 1095 1661 1134 donna
1692 1095 1856 1142 nobile,
1879 1095 1921 1134 la

295 1159 426 1210 quale
456 1171 601 1198 mossa
631 1158 747 1197 dalle
780 1158 982 1208 prediche
1021 1158 1168 1198 (l'uno
1210 1159 1254 1198 di
1299 1159 1454 1206 nostri,
1488 1160 1692 1199 uendette
1722 1171 1810 1199 una
1840 1171 1920 1199 sua

299 1225 489 1275 pretiosa
519 1224 637 1263 cinta
667 1226 708 1262 61
737 1224 847 1262 altre
878 1223 1030 1262 uanita
1064 1235 1137 1274 per
1166 1224 1287 1263 darie
1317 1236 1341 1263 a
1372 1224 1538 1274 pouerj.

377 1290 415 1329 6.
449 1289 497 1328 Li
528 1288 637 1327 mesi
673 1288 834 1339 passati
883 1288 914 1327 il
959 1288 1006 1326 P.
1041 1288 1217 1327 Rettore
1259 1289 1351 1328 sen'
1394 1289 1509 1328 ando
1553 1289 1637 1328 co⁷l
1682 1290 1729 1328 P.
1763 1289 1920 1328 Michel

297 1353 515 1404 Botteglio
545 1353 615 1392 nel
647 1353 873 1391 Piemonte
906 1352 1000 1401 (che
1030 1354 1204 1392 contina
1233 1364 1316 1392 con
1345 1355 1501 1404 questo
1534 1360 1693 1404 paese),
1717 1354 1920 1393 accioche

296 1420 500 1457 trattasse
530 1418 615 1457 co'l
644 1417 975 1457 commendator
1004 1417 1250 1456 Posseuino
1280 1420 1432 1457 nostro
1462 1420 1473 1441 1
1507 1418 1554 1465 (11
1584 1418 1714 1468 quale
1750 1418 1921 1457 1131010-

296 1485 492 1522 samente
522 1482 740 1521 combatte
773 1493 846 1531 per
876 1482 915 1520 la
947 1482 1094 1520 chiesa
1117 1482 1161 1520 di
1183 1481 1256 1531 X0)
1277 1489 1310 1529 ἃ,
1344 1482 1389 1521 in
1419 1482 1498 1521 che
1519 1483 1650 1521 modo
1679 1482 1715 1521 si
1750 1485 1920 1532 potesse

295 1547 375 1586 dar
404 1547 588 1586 rimedio
618 1559 643 1585 a
672 1546 773 1596 quel
804 1546 965 1585 misero
997 1557 1125 1596 paese
1154 1546 1310 1585 infetto
1339 1547 1582 1591 d'neresia.
1613 1547 1665 1585 Et
1698 1549 1763 1586 fra
1792 1547 1919 1597 gl'al-

296 1612 351 1650 tri
384 1611 609 1651 utilissimi
631 1611 819 1661 consigli
850 1611 929 1650 0116
959 1611 995 1649 51
1027 1613 1287 1660 1131101000,
1310 1614 1466 1662 questo
1496 1612 1541 1651 tu
1571 1611 1615 1650 di
1646 1611 1811 1662 grande
1842 1611 1920 1650 im-

296 1679 520 1727 portanza,
543 1677 623 1715 che
654 1676 683 1714 il
717 1676 761 1714 P.
788 1676 963 1714 Rettore
985 1676 1040 1714 113
1063 1675 1247 1726 pigliato
1269 1676 1297 1715 l'
1313 1676 1502 1726 impresa
1533 1676 1576 1715 di
1608 1676 1674 1714 tar
1699 1678 1919 1725 stampare

356 1844 371 1861 a
398 1834 502 1873 Quae
526 1838 619 1865 sum
642 1834 750 1865 {ulra
775 1834 1043 1874 parenthesim
1069 1834 1161 1866 add.
1188 1836 1281 1866 sunt
1304 1835 1346 1865 in
1374 1844 1499 1875 mat-gs.
1524 1834 1657 1866 eadem
1683 1844 1819 1867 mmm.

357 1974 366 1990 ¹
391 1972 577 2003 Antonius
602 1971 826 2002 Possevinus
850 1972 1008 2002 exeunte
1034 1980 1157 2002 mense
1181 1971 1384 2012 Septembri
1413 1972 1490 2003 1559
1513 1971 1664 2002 Romam
1682 1970 1918 2003 1601150016-

295 2027 407 2057 tatem
432 2025 515 2056 Iesu
540 2025 778 2065 ingressurus
802 2024 902 2064 (Cod.
931 2025 1036 2056 Hom.
1063 2024 1134 2055 165)
1170 2044 1207 2046 ——
1242 2024 1388 2065 Hegist.
1417 2023 1547 2055 Novit.
1584 2024 1825 2064 1556-16618').
1863 2024 1918 2056 In-

295 2079 406 2110 eunte
429 2087 527 2109 anno
552 2078 631 2109 1560
653 2078 838 2118 profectus
862 2079 918 2109 est
942 2078 980 2108 in
1005 2077 1230 2109 Sahaudiam
1254 2077 1414 2118 (Laim'i
1439 2077 1622 2109 Monam..
1642 2077 1797 2111 Ιν,6(19;
1823 2077 1864 2111 V.
1883 2078 1917 2117 7)

295 2132 336 2163 ut
359 2131 556 2162 sacerdotii
581 2131 862 2171 (continendae)
886 2131 930 2162 de
955 2130 1116 2162 Fossano
1140 2130 1283 2162 ordinis
1308 2131 1481 2161 militaris
1505 2129 1572 2162 Sti.
1598 2130 1750 2162 Antonii
1775 2139 1918 2171 posses-

295 2185 435 2216 sionem
460 2184 583 2215 iniret.
609 2183 663 2215 Ad
688 2184 772 2215 lites
804 2184 976 2215 vitandas
1000 2184 1037 2215 P.
1065 2183 1198 2215 Lainez
1229 2183 1283 2214 illi
1311 2184 1440 2215 auctor
1473 2183 1543 2215 fuit
1578 2185 1619 2215 ut
1652 2183 1916 2224 professionem

294 2238 397 2269 illius
420 2237 562 2268 ordinis
585 2237 781 2275 emitteret,
806 2237 943 2277 quippe
968 2236 1230 2277 impedimento
1254 2236 1379 2268 futura
1403 2245 1475 2267 non
1500 2237 1577 2268 erat
1602 2237 1642 2267 ut
1666 2237 1805 2277 postea,
1824 2246 1918 2268 com-

296 2291 427 2322 menda
450 2291 616 2328 dimissa,
643 2290 680 2321 in
705 2289 925 2322 Societatem
950 2291 1187 2330 cooptaretur
1210 2289 1369 2329 (Lcm'm'i
1392 2289 1578 2322 Manum„
1597 2290 1636 2322 V.
1658 2291 1687 2329 7,
1710 2290 1794 2330 136).
1813 2290 1916 2330 Quod

294 2353 379 2376 vero
403 2343 611 2375 Karttunen
635 2343 726 2375 dicit
749 2343 934 2383 (Aaronem
952 2342 1203 2374 Possm-simo...
1222 2343 1273 2379 39,
1299 2344 1425 2374 annot.
1453 2344 1484 2382 1)
1508 2343 1671 2375 voluisse
1695 2342 1915 2375 Societatem

294 2399 335 2430 ut
359 2398 582 2429 Possevinus
605 2397 840 2429 commendae
874 2397 976 2428 illius
1010 2396 1373 2428 administrationem
1408 2396 1560 2428 haberet
1597 2410 1612 2425 «
1636 2406 1730 2437 pour
1763 2396 1795 2428 le
1832 2397 1916 2438 plus

294 2451 410 2492 grand
434 2450 519 2482 bien
553 2450 597 2481 de
631 2450 666 2481 la
699 2450 923 2490 Compagnie
947 2463 976 2488 »,
1013 2449 1094 2480 sine
1129 2449 1203 2481 ullo
1237 2448 1489 2488 fundamentO,
1514 2451 1550 2481 61
1574 2450 1698 2481 minus
1728 2450 1917 2490 sapienter

293 2504 433 2535 dictum
467 2504 534 2535 est.
570 2502 676 2543 Apud
711 2502 984 2534 Emmanuelem
1008 2502 1252 2533 Philibertum
1287 2501 1495 2533 Sabaudiae
1529 2503 1658 2534 ducem
1692 2502 1915 2534 Possevinus

293 2557 416 2597 gratia
438 2556 557 2588 valuit
580 2555 738 2596 (Laifniq‘
762 2555 947 2588 Memmi..
966 2555 1008 2594 V,
1035 2556 1123 2595 462),
1148 2556 1184 2587 et
1207 2556 1357 2586 strenue
1381 2564 1445 2595 pro
1469 2556 1647 2596 religione
1670 2555 1853 2588 catholica
1877 2556 1915 2587 in

293 2609 368 2641 illis
402 2609 572 2650 partibus
606 2609 852 2640 instauranda
887 2608 1080 2640 laboravit.
1116 2607 1168 2640 Cf.
1204 2607 1437 2640 SACGHINUM:
1473 2608 1676 2641 Historiae
1702 2609 1785 2641 Soc.
1810 2609 1912 2641 Iesu.

293 2662 390 2694 Part.
416 2662 460 2701 II,
486 2662 548 2694 lib.
575 2661 633 2699 IV,
660 2671 722 2694 nn.
746 2662 858 2700 61-71;
887 2661 1130 2699 FOUQUERAY:
1156 2660 1370 2693 Histoire...
1396 2661 1422 2700 I,
1447 2662 1508 2693 335
1537 2671 1640 2703 sqq.;
1667 2662 1912 2694 KARTTUNEN:

292 2715 463 2746 Antonio
486 2714 710 2751 Possevino,
736 2715 773 2746 41
799 2724 878 2755 sqq.
904 2715 945 2746 In
969 2714 1046 2746 cod.
1079 2714 1204 2745 Varia
1228 2713 1422 2753 Historia,
1448 2715 1492 2753 II,
1516 2714 1554 2748 ff.
1580 2716 1686 2753 77-80,
1712 2715 1781 2747 sub
1804 2715 1914 2747 titulo

295 2781 310 2796 «
334 2768 449 2799 Auiso
472 2768 516 2800 de
539 2767 573 2799 lo
596 2777 668 2809 que
691 2777 712 2799 a
736 2767 854 2808 gloria
877 2767 921 2799 de
944 2767 1032 2799 Dios
1055 2767 1135 2798 ΝΜ)
1152 2766 1206 2799 S.1·
1227 2776 1265 2799 se
1289 2766 1337 2798 ha
1361 2767 1478 2799 1160110
1501 2777 1546 2799 611
1570 2768 1602 2799 61
1626 2768 1814 2800 Piemonte
1829 2776 1851 2808 y
1868 2777 1913 2799 en

291 2821 347 2853 las
370 2821 493 2853 Valles
516 2834 531 2849 »
558 2822 613 2852 est
637 2821 803 2852 narratio
827 2821 966 2861 scripta
988 2829 1101 2852 manu
1125 2820 1275 2852 Ioannis
1299 2820 1490 2861 Baptistae
1513 2822 1557 2853 de
1580 2821 1727 2860 Rihera,
1745 2830 1840 2862 quae
1863 2821 1915 2852 vi-

291 2874 400 2906 detur
432 2874 553 2906 versio
586 2874 802 2905 nuntiorum
837 2873 972 2913 (Avisi)
1006 2882 1028 2904 a
1061 2873 1262 2905 Possevino
1295 2873 1447 2905 Romam
1471 2874 1669 2906 missorum
1702 2874 1746 2906 de
1775 2874 1913 2915 quibus

292 2927 431 2959 mentio
458 2926 498 2958 fit
532 2927 570 2958 in
604 2926 765 2968 epistula
799 2927 844 2958 ad
880 2926 1121 2958 Possevinum
1154 2925 1271 2958 Roma
1297 2925 1384 2958 data
1406 2926 1465 2958 die
1488 2927 1506 2958 7
1529 2926 1628 2968 Sept.
1655 2927 1735 2959 1560
1756 2926 1914 2968 (Laim'i

291 2979 479 3016 Momm„
504 2980 545 3019 V,
570 2979 658 3020 0210).
683 2980 725 3011 In
747 2979 825 3011 cod.
851 2980 965 3011 citato
990 2988 1122 3010 manus
1145 2978 1328 3019 posterior
1360 2979 1486 3019 aliqua
1519 2979 1675 3018 addidit,
1703 2981 1739 3011 et
1773 2988 1913 3011 annum

293 3033 384 3071 1562,
409 3033 592 3065 immerito
617 3034 657 3065 ut
679 3033 837 3072 videtur,
863 3032 1049 3073 apposuit.
