2028 3531
469 288 548 324 583.
578 309 618 314 -
649 288 864 324 MoN'rULIA
894 287 940 323 30
968 286 1224 323 SEPTEMBms
1256 287 1343 322 1561
1608 287 1678 323 575

197 409 366 448 civibus
407 409 446 447 et
491 409 667 459 collegii
708 409 959 458 fundatrice·
1003 409 1100 446 cari
1142 408 1262 454 sunt,
1293 408 1390 445 eta
1427 407 1562 446 Beato
1592 407 1725 445 Avila

192 487 276 524 pro
307 475 510 513 contione
546 474 810 512 laudantur.
845 495 894 499 ——
921 477 965 511 4.
1001 473 1260 523 Theologyiae
1291 473 1442 511 doctor
1461 473 1727 522 spiritualia

197 540 410 578 evaeo-citici
440 552 540 578 cum
571 540 721 588 fructu
762 539 951 589 peragit,
988 550 1124 587 eaque
1158 539 1354 576 maxime
1400 538 1571 576 laudat.
1603 560 1653 563 —
1684 541 1726 576 5.

198 603 575 643 scholasticorum
620 606 667 642 in
714 605 877 643 litteris
922 616 971 642 ac
1019 603 1144 641 bonis
1188 603 1389 641 moribus
1427 615 1727 652 progressus,-

195 682 417 709 wumerus
433 681 450 716 ,·
473 670 724 708 litterariae
745 670 1099 708 exercitationes.
1135 668 1195 706 Ab
1224 668 1322 706 illis
1342 668 1443 718 fidei
1468 668 1728 706 rudimenta

195 747 275 785 per
304 737 402 773 vias
433 735 746 774 decantantur.
780 757 825 761 —-
861 738 902 773 6.
934 735 1052 772 Haec
1081 747 1182 772 vero
1213 735 1253 772 si
1284 746 1383 772 cum
1421 734 1491 772 his
1535 746 1646 783 (succe
1675 746 1727 772 ex

196 801 304 839 aliis
328 813 412 851 pro
422 802 580 839 vinciis
602 801 872 847 narrantur,
897 800 1203 849 conserantur,
1227 800 1419 837 vm'vzima
1441 799 1723 838 videbuntur.

170 925 206 965 1.
238 925 267 975 †
297 924 372 964 [hs
405 948 451 951 —
484 924 576 963 Pax
605 923 769 964 Christi
805 926 885 963 etc.
920 947 969 951 —
1002 923 1204 974 [Brevem
1221 936 1266 963 se
1288 925 1497 974 futurum
1520 922 1656 974 dicit]
1688 922 1726 962 A

89 989 344 1029 domesticis
365 992 511 1029 autem
536 990 600 1039 (ut
621 1002 794 1029 sumam
817 989 1040 1028 scribendi
1071 989 1318 1038 exordium)
1353 988 1511 1039 viginti
1542 1000 1728 1028 numero

89 1057 209 1102 sunt,
232 1054 308 1106 qui
331 1066 449 1094 nunc
475 1055 655 1094 domum
686 1055 802 1094 hanc
832 1054 1109 1101 inhabitant3
1142 1065 1333 1105 quorum
1364 1065 1440 1093 sex
1460 1053 1725 1102 sacerdotes,

89 1119 404 1172 grammaticae
434 1120 591 1159 fratres
622 1120 921 1159 moderatores
961 1121 1064 1165 tres,
1106 1119 1208 1169 plus
1246 1131 1379 1170 quam
1420 1119 1630 1159 mediocri
1661 1131 1728 1158 sa-

89 1184 342 1224 tisfactione
371 1185 582 1237 legentes.
631 1185 799 1224 Pueros
841 1185 918 1236 alij
963 1185 1053 1224 duo
1097 1185 1281 1224 edocent
1324 1184 1541 1224 elementa
1585 1184 1728 1235 prima

88 1250 362 1301 dignoscere,
395 1253 437 1290 et
466 1250 743 1289 characteres
777 1250 986 1301 graphice
1030 1250 1244 1298 formare;
1277 1252 1488 1300 quattuor
1517 1249 1729 1289 humanis

88 1315 231 1355 literis
260 1315 459 1355 sedulam
492 1316 690 1367 gnabant
719 1328 914 1366 operam.
949 1315 1118 1356 Caeteri
1148 1315 1406 1354 domesticis
1437 1317 1609 1354 vacant.
1642 1314 1727 1365 Qui

88 1392 242 1420 omnes
273 1381 483 1420 munifica
514 1380 591 1420 Dei
624 1381 906 1426 liberalitate,
941 1380 1012 1420 cui
1044 1380 1212 1431 gratiae
1248 1380 1498 1420 habeantur
1526 1387 1544 1406 a
1576 1380 1729 1431 ingen—

89 1447 168 1491 tes,
201 1446 374 1497 integra
403 1446 603 1497 corporis
634 1446 678 1485 in
710 1446 961 1497 praesentia
995 1446 1248 1485 valetudine
1275 1446 1586 1496 perfruuntur;
1620 1447 1728 1484 tam·

88 1512 170 1551 etsi
206 1512 348 1552 exacti
384 1512 596 1563 temporis
626 1512 815 1551 decursu
847 1512 1073 1551 extiterint
1103 1511 1121 1537 ¹³
1153 1512 1361 1551 nonnulli
1393 1512 1546 1551 morbo
1576 1511 1728 1562 aliquo

88 1577 253 1617 detenti
284 1579 326 1616 et
355 1576 570 1617 afflictati.
604 1576 803 1627 Quorum
840 1576 886 1616 in
907 1577 1187 1628 aegritudine
1217 1576 1344 1627 signa
1376 1576 1473 1615 visa
1503 1578 1607 1616 sunt
1638 1588 1728 1615 non

89 1642 294 1694 vulgaria
324 1644 367 1682 et
396 1642 641 1694 singularis
683 1642 962 1689 tolerantiae,
1004 1645 1046 1682 et
1084 1654 1183 1682 cum
1228 1643 1384 1682 diuina
1427 1643 1729 1682 conformatae

91 1708 337 1748 voluntatis
368 1707 515 1760 [V‘e'yet
546 1710 762 1759 religiosa
792 1708 1067 1760 disciplina}

168 1774 205 1813 2.
240 1773 429 1824 Quidam
459 1786 512 1813 ex
542 1773 850 1813 sacerdotibus
890 1773 1149 1813 feruentiori
1190 1773 1423 1813 charitatis
1457 1775 1647 1824 pectore,
1679 1784 1729 1812 ac

88 1851 189 1879 vere
221 1839 293 1890 pio
323 1839 369 1879 in
399 1839 660 1891 euangelico
709 1840 998 1891 propagando
1038 1840 1173 1879 verbo
1214 1839 1397 1878 mirifice
1431 1839 1616 1878 affectus
1665 1840 1729 1890 (ut

89 1905 203 1945 nihil
234 1905 411 1944 interim
442 1905 495 1945 de
525 1905 622 1945 eius
651 1905 902 1945 eruditione
936 1906 1117 1956 dicam),
1154 1917 1303 1945 coram
1334 1905 1500 1956 populo
1530 1917 1620 1944 non
1650 1903 1730 1944 mi-

89 1982 176 2010 nus
206 1972 346 2022 grata,
378 1983 511 2022 quam
543 1971 759 2011 salutaria
791 1972 923 2010 verba
954 1971 1081 2019 facit;
1115 1971 1169 2010 ad
1200 1983 1332 2023 quem
1359 1970 1565 2022 permixti
1596 1982 1730 2010 sexus

88 2035 274 2076 confluit
317 2048 555 2076 numerosa
599 2037 745 2083 turba,
791 2036 1018 2088 huiusque
1062 2037 1282 2075 indefessa
1330 2035 1646 2087 peruigilantia
1689 2037 1731 2074 et

88 2113 222 2152 opera
252 2101 469 2142 habemus
502 2113 761 2153 persuasum
794 2101 935 2141 Deum
971 2103 1100 2152 (quae
1131 2114 1212 2141 sua
1234 2104 1300 2141 est
1321 2101 1571 2151 clementia)
1595 2113 1618 2140 a
1641 2103 1730 2140 tur-

90 2166 276 2217 pissimo
305 2167 517 2207 vitiorum
548 2169 666 2207 statu
698 2166 754 2206 ad
784 2168 1128 2206 emendatiorem
1154 2167 1335 2207 viuendi
1368 2166 1584 2206 rationem
1614 2177 1730 2205 com-

91 2231 240 2283 plures
269 2244 498 2272 auocasse.

195 2297 234 2337 3.
268 2297 448 2337 Praeter
477 2298 550 2338 hic
580 2298 759 2338 habitas
789 2298 958 2350 ingenti
1000 2310 1098 2338 cum
1142 2298 1330 2338 vtilitate
1359 2297 1606 2342 contiones,
1638 2296 1731 2336 adit

89 2363 219 2402 etiam
252 2363 443 2402 finitima
473 2364 690 2415 quaedam
713 2364 802 2403 alia
823 2364 971 2415 opida,
996 2364 1115 2403 haud
1149 2364 1262 2403 vltra
1292 2363 1463 2402 leucam
1498 2362 1728 2409 distantia,

90 2440 179 2468 non
224 2428 572 2480 infrequentium
622 2429 887 2475 incolarum,
939 2429 1011 2468 vbi
1063 2432 1162 2480 post
1210 2429 1479 2468 seminatum
1528 2428 1728 2472 verbum,

89 2493 284 2544 aliquam
316 2494 530 2545 temporis
561 2496 728 2545 partem
763 2495 807 2533 in
839 2502 852 2521 ⁰
884 2494 1245 2534 confessionibus
1275 2493 1512 2533 audiendis
1541 2493 1731 2532 libenter

89 2559 300 2599 absumit.
334 2559 403 2599 Ab
433 2561 644 2600 omnibus
666 2561 814 2611 itaque
835 2562 877 2600 et
898 2560 1010 2599 miro
1032 2560 1170 2599 animi
1193 2560 1353 2599 affectu
1374 2559 1666 2601 desideratur,
1689 2559 1732 2597 et

89 2623 306 2664 inusitata
334 2625 554 2675 excipitur
583 2625 910 2666 beneuolentia.
956 2625 1053 2665 Duo
1099 2627 1322 2675 praeterea
1362 2623 1437 2674 alij
1480 2623 1730 2662 sacerdotes

90 2689 146 2728 ad
168 2689 407 2729 multorum
431 2690 653 2730 audienda
675 2690 864 2730 crimina
893 2693 999 2730 sunt
1029 2690 1256 2730 destinati.
1290 2689 1467 2740 Reliqui
1499 2700 1594 2728 sese
1624 2699 1730 2728 con-

90 2754 265 2806 fesarijs
295 2755 350 2795 ad
381 2758 556 2807 tempus
586 2756 828 2807 applicant,
870 2768 969 2795 cum
1016 2757 1072 2795 ab
1110 2756 1214 2807 alijs
1253 2754 1516 2806 ministerijs
1554 2753 1731 2804 expedi—

91 2822 241 2860 untur.
275 2820 448 2870 Quibus
480 2820 699 2872 perstricti
735 2823 962 2872 nequeunt
1001 2823 1136 2861 totam
1178 2833 1357 2873 operam
1401 2820 1447 2859 in
1477 2820 1561 2859 hoc
1593 2830 1729 2858 vnum

91 2885 440 2933 sanctissimum,
487 2887 669 2937 perinde
711 2889 843 2938 atque
887 2886 1192 2934 vtilissimum‚
1238 2887 1451 2926 conferre.
1497 2884 1581 2935 Qui
1626 2896 1730 2924 vero

151 3042 170 3061 a
190 3033 401 3067 habeantur
435 3043 562 3077 supra
596 3043 698 3067 vers.
735 3053 775 3056 —
798 3041 816 3068 b
836 3033 999 3066 Emend.
1033 3043 1082 3066 θαι
1114 3034 1333 3067 extiterunt.
1363 3052 1402 3055 ——
1426 3042 1439 3059 e
1462 3032 1582 3065 Dolet.
1618 3031 1726 3065 semi·

92 3088 228 3122 nando.
