2028 3531
491 250 572 284 491.
617 270 641 274 —
673 248 914 283 V1NDOBONA
946 248 988 282 14
1014 246 1244 283 FEBRUARH
1275 248 1358 282 1501
1684 250 1745 284 ltil

191 370 228 409 5.
260 368 406 408 Exteri
436 369 569 418 atque
599 367 879 414 viennenses,
913 366 1055 417 magis
1084 377 1135 405 ac
1160 365 1303 416 magis
1324 366 1485 405 melius
1507 366 1559 406 de
1582 368 1746 406 nostris

112 435 276 475 sentire
305 435 345 473 et
375 433 492 472 affici
523 432 747 472 uidentur.
783 431 990 470 Rariores
1025 433 1129 471 sunt
1170 433 1267 482 post
1315 442 1396 470 nos
1440 431 1656 471 clamores
1700 432 1743 471 in

114 499 295 551 plateis;
344 498 623 549 frequentius
666 500 705 537 et
752 497 1020 537 familiarius
1063 497 1295 536 nobiscum
1341 497 1563 547 incipiunt
1601 510 1744 547 agere.

112 565 292 615 saepius
322 565 478 615 petunt
506 553 695 602 consilia
725 565 766 602 et
796 574 923 613 opem
955 564 1209 602 nostrorum
1254 574 1332 613 pro
1375 561 1581 609 infirmis,
1613 575 1747 613 quam

112 633 255 670 antea.
287 629 516 680 Magnates
544 628 675 667 etiam
707 627 849 678 aliqui
879 627 1087 667 catholici
1115 627 1357 678 plurimum
1389 627 1643 667 desiderant
1672 627 1748 667 So-

112 695 315 734 cietatem
346 694 393 733 in
423 693 616 733 diuersis
652 693 860 733 Austriae
891 692 1002 732 locis
1031 693 1086 732 ad
1117 692 1373 732 celeriorem
1413 693 1567 743 populi
1599 693 1750 733 reduc-

113 759 293 799 tionem.
319 758 489 798 Retulit
521 758 629 798 mihi
660 758 793 798 etiam
812 758 881 797 uir
902 757 1085 809 quidam
1110 765 1126 784 ³
1151 770 1240 797 non
1257 770 1422 809 paruae
1443 758 1746 800 authoritatis,

112 824 232 875 quod
263 824 394 864 modo
425 824 554 864 multi
587 823 792 863 dubitare
824 823 1042 874 incipiant
1062 823 1139 873 qui
1165 823 1474 874 superioribus
1494 823 1626 862 annis
1656 835 1749 874 per-

112 890 318 929 tinaciter
346 901 452 929 suos
482 901 653 929 errores
674 889 909 928 defendere
940 889 1234 932 conabantur,
1257 890 1390 940 atque
1421 888 1749 939 disputationes

113 955 166 994 de
195 954 280 994 fide
310 954 355 993 in
386 954 481 994 dies
511 954 775 993 decrescere.
800 953 998 993 Viennae
1019 953 1170 992 onmia
1200 953 1289 992 iam
1310 956 1416 993 sunt
1449 953 1560 993 satis
1581 953 1748 1004 quieta,

112 1021 330 1070 quantum
375 1019 428 1058 ad
462 1018 727 1058 catholicam
760 1017 1034 1069 religionem,
1066 1030 1147 1057 nec
1190 1020 1408 1058 attentare
1444 1018 1588 1069 palam
1629 1018 1751 1058 here-

113 1083 189 1123 tici
219 1083 459 1134 quicquam
489 1083 678 1131 audent;
711 1084 927 1133 occupata
947 1084 1053 1122 sunt
1079 1082 1229 1122 onmia
1251 1083 1415 1134 templa
1445 1095 1470 1122 a
1500 1082 1748 1129 catholicis

115 1151 162 1189 ut
191 1149 294 1200 alijs
329 1161 420 1188 non
462 1148 591 1195 detur
633 1149 772 1188 locus
807 1148 1054 1199 Episcopus
1100 1148 1357 1188 viennensis
1404 1151 1433 1196 1,
1466 1150 1565 1200 post
1595 1148 1752 1188 confir·

115 1215 353 1254 mationem
377 1216 617 1265 acceptam.
641 1214 771 1253 etiam
797 1213 886 1253 iam
907 1213 1154 1253 animosior
1182 1216 1224 1253 et
1252 1214 1512 1265 diligentior
1532 1215 1597 1253 est
1626 1214 1752 1253 effec-

114 1282 200 1320 tus.
225 1280 358 1319 Extra
387 1282 534 1319 tamen
565 1279 809 1324 ciuitatem,
842 1279 889 1318 in
919 1279 1342 1319 circumiacentibus
1373 1279 1512 1327 uillis,
1545 1279 1673 1331 pagis
1702 1291 1751 1319 ac

113 1345 306 1397 oppidis,
353 1345 494 1384 maior
537 1347 602 1384 est
648 1344 841 1393 miseria,
873 1347 915 1384 et
959 1356 1048 1384 non
1093 1344 1224 1384 aliam
1272 1345 1329 1384 oh
1373 1356 1570 1391 causam,
1617 1357 1752 1396 quam

114 1411 234 1462 quod
265 1422 355 1450 non
386 1410 678 1450 inueniantur
721 1410 973 1450 sacerdotes
1003 1410 1124 1459 boni,
1157 1410 1233 1461 qui
1265 1422 1436 1450 errores
1466 1410 1679 1457 refellere,
1711 1413 1753 1450 et

114 1477 329 1528 populum
379 1476 583 1527 alioquin
633 1476 898 1527 simplicem,
931 1476 1171 1515 informare
1221 1476 1415 1527 possint;
1451 1475 1564 1515 vnde
1611 1476 1754 1515 uelint

115 1542 276 1587 nolint,
310 1542 437 1582 multi
470 1542 575 1582 mali
607 1542 906 1581 admittuntur
935 1541 1012 1592 qui
1043 1553 1122 1592 pro
1166 1541 1298 1581 libitu
1337 1543 1477 1593 agunt
1507 1544 1549 1581 et
1577 1542 1751 1584 docent.

115 1610 248 1659 atque
278 1608 362 1648 sub
392 1610 581 1659 utraque
619 1619 750 1658 saepe
779 1607 919 1658 spetie
966 1607 1115 1658 plures
1159 1607 1459 1647 comunicant.
1492 1607 1668 1646 Vellent
1697 1607 1754 1646 ob

116 1674 160 1713 id
200 1675 246 1713 ut
278 1673 419 1713 nostri
463 1673 654 1713 subinde
692 1675 974 1712 excurrerent
1003 1675 1044 1712 et
1074 1673 1447 1712 concionarentur
1481 1673 1528 1712 in
1562 1672 1753 1712 diuersis

116 1739 317 1790 oppidis;
351 1739 427 1779 sed
471 1739 580 1790 quid
624 1739 884 1785 faceremus„
916 1750 1015 1778 cum
1061 1741 1240 1789 tyrones
1283 1738 1429 1777 adbuc
1473 1739 1562 1778 fere
1600 1750 1754 1777 omnes

116 1805 222 1852 sint,
245 1807 287 1844 et
308 1804 346 1844 si
376 1805 453 1856 qui
484 1806 591 1844 sunt
619 1804 696 1856 qui
727 1804 899 1855 aliquid
921 1806 1145 1855 praestare
1177 1804 1364 1855 possint,
1389 1804 1451 1843 ita
1481 1803 1610 1854 pauci
1632 1806 1752 1846 sunt.

118 1873 165 1910 ut
196 1882 275 1910 nec
305 1870 504 1910 Viennae
534 1870 789 1909 satisfacere
826 1870 1011 1920 possint.
1044 1869 1128 1910 Sed
1164 1870 1298 1917 Deus,
1331 1881 1475 1921 spero,
1508 1869 1570 1909 ita
1604 1869 1755 1909 omnia

117 1936 338 1987 disponet,
371 1937 420 1975 ut
449 1935 627 1975 tandem
663 1935 835 1986 aliquid
867 1935 956 1975 fiat.
990 1935 1086 1974 Non
1133 1947 1317 1986 possum
1361 1947 1451 1974 non
1481 1935 1673 1974 scribere
1702 1935 1755 1974 de

117 2001 311 2052 quodam
342 2001 613 2040 monasterio
643 2000 871 2041 Scotorum
915 2001 1096 2041 nomine
1125 2002 1152 2050 2‘,
1176 2001 1295 2052 quod
1326 2000 1526 2040 Viennae
1570 2000 1616 2040 in
1650 2000 1755 2040 ciui-

118 2068 206 2106 tate
235 2068 324 2113 est;
358 2066 426 2106 illi
456 2078 556 2106 cum
588 2078 726 2117 pagos
755 2078 891 2117 prope
922 2066 1150 2106 ciuitatem
1181 2066 1267 2105 sibi
1289 2065 1515 2106 subiectos
1544 2066 1753 2106 habeant.

118 2131 252 2171 audio
300 2131 420 2182 quod
451 2131 721 2182 quandoque
765 2131 946 2170 sinistre
989 2133 1140 2182 agant,
1174 2131 1434 2182 praesertim
1478 2131 1524 2170 in
1568 2130 1755 2170 admini-

118 2197 302 2246 strando
323 2197 621 2237 eucharistiae
642 2199 934 2236 sacramento.
960 2197 1125 2236 Ferunt
1145 2197 1341 2248 quidem,
1360 2198 1402 2236 et
1423 2197 1476 2236 de
1497 2196 1600 2247 aliJ‘s
1621 2196 1757 2247 pluri-

119 2263 204 2302 bus
226 2263 525 2313 monasteriis,
548 2262 667 2314 quod
689 2262 913 2309 monachi,
938 2265 1110 2313 praeter
1139 2274 1274 2313 quam
1301 2262 1421 2313 quod
1444 2262 1558 2301 male
1580 2262 1754 2302 uiuant.

118 2328 252 2367 etiam
283 2328 476 2367 diuersis
506 2327 734 2367 erroribus
764 2327 855 2367 sint
884 2328 1050 2377 infecti,
1083 2328 1143 2367 ita
1174 2331 1223 2367 ut
1257 2328 1353 2368 loca
1397 2339 1521 2367 sacra
1566 2328 1756 2367 multum

119 2393 180 2432 ita
211 2393 399 2444 turpiter
430 2393 780 2444 prophanentur.
805 2393 924 2433 Deus
955 2393 1362 2433 misericordiarum
1394 2396 1517 2444 pater
1555 2393 1756 2432 extrahat

182 2604 198 2622 a
226 2595 380 2637 quidam
408 2605 533 2637 supra
562 2604 661 2628 vers.

184 2770 192 2787 ¹
218 2769 408 2801 Antonius
433 2769 528 2801 Brus
553 2769 611 2810 (de
635 2769 802 2810 Muglitz)

218 2823 248 2854 A
273 2823 422 2855 saeculo
445 2822 513 2855 XII
536 2822 721 2855 hibernici
758 2823 867 2864 (scoti
892 2824 1005 2855 etiam
1029 2823 1137 2864 dicti)
1165 2823 1337 2855 monachi
1376 2824 1643 2855 monasterium
1671 2824 1760 2856 Vin-

121 2876 289 2908 dohonae
312 2876 545 2910 habuerunt:
577 2876 677 2918 quod
700 2877 872 2918 quamvis
907 2878 1036 2918 postea
1070 2877 1109 2908 in
1145 2877 1466 2909 benedictinorum
1500 2886 1759 2918 germanorum

122 2931 345 2971 potestatem
368 2930 577 2970 transierit⁷
604 2931 811 2972 priscorum
840 2931 1047 2962 incolarum
1074 2940 1207 2962 nomen
1235 2931 1404 2973 retinuit.
1440 2930 1529 2963 Eius
1563 2930 1760 2963 historiam

123 2984 276 3025 scripsit
298 2984 338 3016 E.
364 2983 582 3016 Hauswirth
606 2983 732 3016 O.S.B.
761 2983 813 3016 Cf.
838 2983 1103 3016 HEIMBUCHER:
1139 2984 1212 3016 [tle
1251 2983 1377 3015 Orden
1413 2984 1499 3016 mzd
1532 2983 1764 3026 Konyreya·

124 3036 267 3069 tionem
292 3037 364 3070 der
387 3036 674 3070 Katholischen
697 3037 887 3070 K‘e'rchew.
913 3037 939 3077 I,
965 3038 1037 3075 9260,
1063 3038 1134 3069 261.

196 3125 356 3153 LITTERAE
377 3126 656 3160 Qcmnnmsrnsss.
678 3143 710 3146 -
731 3126 811 3154 ΤοΜ.
835 3125 903 3153 vll.
1658 3129 1687 3155 11
