2028 3531
492 268 572 305 609.
600 290 643 294 —
670 268 945 306 INGOLSTADIO
972 270 994 305 3
1020 269 1214 306 IANUARII
1243 270 1334 306 1562
1630 270 1696 306 691

114 389 280 439 patrem
318 386 534 434 imitatur,
566 388 732 440 quique
770 389 857 428 iam
902 389 1017 428 serio
1055 389 1275 440 promisit,
1308 400 1354 428 se
1384 388 1562 439 negotia
1593 389 1745 427 nostra

113 452 231 504 apud
260 451 304 492 S.
337 451 380 493 C.
412 452 467 492 M.
502 451 758 493 fidelissime
787 456 1079 494 tractaturum
1110 465 1219 494 esse.
1264 453 1438 506 [Preces
1462 455 1667 505 postulat
1698 466 1747 494 ac

112 516 353 569 valedicit]

219 583 388 634 Pragae
416 582 441 621 2
472 582 686 635 Ianuarij.

218 648 270 688 R.
304 647 353 688 P.
385 647 436 688 V.
471 647 817 699 indignissimus
847 649 967 690 filius

1032 751 1263 792 HENRICUS
1294 751 1576 791 BLYssans
1607 753 1636 791 1.

216 841 274 880 Iu
303 841 523 890 inaryine,
555 840 652 879 alia
681 852 851 880 manu:
882 840 1024 892 Praga
1053 840 1077 879 2
1110 841 1286 881 Ianuar.
1318 840 1414 880 sine
1444 851 1579 880 anno.

873 1067 986 1115 609

519 1204 939 1257 GEORGIUS
1013 1207 1342 1258 CRISPUS

572 1354 844 1381 INGOLSTADIO
871 1345 892 1381 3
920 1356 1110 1382 JANUARH
1140 1346 1230 1383 1562
1255 1346 1281 1383 2.

107 1469 146 1505 1.
180 1465 366 1516 Colleyii
394 1467 555 1505 status.
581 1466 756 1504 Novicii
788 1466 904 1505 laus.
942 1466 1195 1507 Candidum.
1223 1468 1384 1507 Preces
1402 1481 1484 1518 pro
1505 1469 1626 1518 felici
1647 1481 1747 1507 con-

213 1532 310 1570 cilii
339 1531 578 1571 tridentini
622 1533 759 1571 exitu.
792 1533 1198 1582 Inclulyentiarum
1240 1546 1366 1573 usus.
1400 1556 1451 1560 ——
1486 1538 1528 1573 2.
1563 1533 1743 1573 Convic-

216 1598 332 1636 tores
361 1609 549 1636 numero
577 1597 749 1647 plures,
782 1598 821 1636 et
852 1598 1052 1637 moribus
1087 1599 1434 1638 eoecellentiores.
1466 1622 1518 1626 —
1549 1603 1590 1638 3.
1625 1600 1746 1638 Tem-

209 1663 342 1713 plum
386 1675 566 1712 novum,
598 1663 638 1701 et
681 1663 967 1713 refectorium
995 1665 1226 1713 paratum.
1258 1687 1308 1691 —
1336 1669 1380 1703 4.
1421 1665 1483 1704 De
1512 1665 1679 1704 studiis
1708 1666 1748 1704 et

212 1728 557 1778 professoribus,
601 1729 665 1767 De
695 1729 977 1768 contionibus
1019 1730 1142 1768 Pris.
1175 1730 1451 1780 Halbpauer.
1484 1731 1547 1769 De
1575 1731 1745 1770 studio-

213 1806 319 1833 rum
348 1795 700 1833 instauratione.
733 1795 796 1832 De
827 1795 1072 1844 disciplina
1103 1796 1384 1835 scholastica.
1415 1819 1458 1822 —
1480 1800 1522 1835 5.
1553 1796 1747 1846 Reliqua

212 1860 424 1899 consueta
472 1861 730 1914 ministeria
760 1859 994 1900 societatis
1039 1873 1147 1911 erga
1186 1863 1422 1911 proximos
1465 1874 1566 1901 cum
1595 1863 1748 1911 fructu

214 1925 493 1964 eoeercentur.

188 2049 224 2089 1.
258 2049 350 2088 Pax
379 2048 545 2089 Christi
590 2048 771 2101 [Scribit
814 2064 867 2090 em
897 2064 1034 2091 more.
1076 2051 1232 2091 Status
1272 2053 1447 2102 collegii
1485 2054 1535 2091 in
1575 2054 1747 2092 cunctis

105 2114 325 2166 prosper]
357 2114 433 2154 Est
474 2116 570 2155 tota
599 2115 761 2155 domus
792 2115 838 2155 in
877 2116 1024 2167 plures
1068 2116 1214 2156 diuisa
1246 2117 1440 2165 ordines,
1473 2116 1520 2156 in
1555 2129 1746 2168 quorum

108 2179 250 2231 primo
279 2182 400 2228 sunt,
431 2180 509 2232 qui
553 2180 762 2220 Societati
794 2193 956 2220 nomen
1000 2182 1231 2228 dederunt,
1264 2194 1450 2221 numero
1496 2182 1559 2230 18,
1591 2194 1644 2221 ex
1674 2182 1745 2221 his

105 2245 355 2285 sacerdotes
397 2245 437 2294 6,
469 2245 647 2285 diaconi
693 2246 733 2295 2,
766 2248 808 2286 et
838 2258 953 2286 vnus
997 2246 1315 2286 subdiaconus.
1362 2247 1425 2286 De
1470 2246 1744 2298 reliquorum

108 2310 308 2358 fratrum,
331 2312 374 2350 et
403 2310 679 2350 nouitiorum
709 2313 830 2351 statu
851 2314 893 2351 et
923 2324 1123 2359 numero,
1147 2312 1357 2363 quoniam
1391 2312 1589 2363 proxime
1610 2312 1747 2363 'scrip-

106 2378 200 2416 tum
221 2383 254 2422 a,
286 2378 330 2416 et
358 2376 528 2416 interea
558 2376 673 2416 nihil
706 2377 833 2416 valde
864 2377 1146 2417 immutatum
1179 2380 1259 2426 esi,
1283 2378 1427 2417 dicere
1456 2378 1737 2428 supersedeo.

106 2440 188 2481 Sed
231 2441 350 2480 hunc
394 2453 631 2481 numerum
661 2442 920 2482 adolescens
963 2442 1145 2494 quidam
1189 2454 1429 2494 germanus
1472 2442 1746 2483 brixinensis

105 2506 245 2554 auxit,
277 2506 353 2557 qui
386 2507 507 2546 hisce
537 2507 695 2547 diebus
725 2507 782 2547 ad
811 2508 1120 2559 probationem
1151 2508 1376 2548 admissus
1405 2508 1628 2559 exerciiijs
1657 2508 1746 2559 spi-

106 2571 346 2612 ritualibus
367 2572 422 2611 ad
444 2584 588 2612 mores
618 2572 851 2613 Socieiaiis
874 2573 1153 2615 inforumtur.
1173 2574 1213 2613 Is
1234 2586 1402 2613 anuum
1424 2574 1513 2613 fere
1534 2573 1746 2613 lectiones

170 2740 188 2759 a
211 2731 294 2766 Del.
319 2733 388 2765 est.

167 2858 178 2876 ¹
200 2857 293 2890 Vide
317 2857 412 2890 Lz'tt.
441 2857 652 2898 Quadrima.
678 2859 739 2900 VI,
763 2861 836 2893 817.

167 2912 180 2930 ²
203 2910 256 2943 Ex
279 2920 406 2953 apogr.
442 2920 577 2944 coaevo
602 2912 640 2944 in
675 2913 816 2947 archiv,
852 2915 1035 2948 colonien.
1063 2928 1079 2943 «
1102 2915 1154 2948 St.
1191 2913 1585 2947 Maria-Himmelfahrt
1608 2926 1638 2953 »‚
1664 2913 1743 2946 cod.

105 2963 138 2995 A
165 2963 270 3000 1162,
295 2964 453 2997 N.o134.
490 2965 601 2998 Aliud
635 2967 844 3008 exemplum
878 2969 1002 3001 exstat
1025 2969 1065 3001 in
1099 2968 1240 3001 archiv.
1278 2976 1467 3000 monacen.
1503 2966 1746 3007 (Miinchener

105 3016 481 3059 Hauptstaatarchiv)
506 3019 544 3050 in
562 3019 641 3052 cod.
665 3019 863 3053 Jesuitica
886 3021 957 3054 Ν.ο
978 3022 1109 3054 1357m
1135 3020 1635 3063 (Seript.C‹·lleg.1ng01st.)‚
1650 3019 1746 3052 1127-

104 3070 155 3102 28.
182 3070 244 3103 Est
267 3071 380 3103 etiam
404 3071 526 3104 versio
549 3073 765 3113 germanica
789 3074 827 3106 in
851 3075 992 3107 archiv.
1018 3076 1220 3108 coloniens.
1247 3075 1284 3107 in
1309 3074 1387 3106 cod.
1405 3073 1439 3106 -1,
1457 3073 1491 3106 J.
1509 3073 1561 3112 72,
1580 3072 1615 3105 ff.
1632 3073 1740 3105 44-47.
