2028 3531
550 304 630 340 569.
658 325 702 329 —
729 304 892 340 TOLETO
923 302 938 339 1
968 303 1225 340 SEPTEMBRIS
1253 304 1342 341 1561
1672 307 1739 341 491

156 425 203 462 vt
222 422 389 462 addant
410 422 721 463 deficientibus
742 423 958 467 animum.
981 435 1070 474 quo
1100 423 1192 463 sint
1220 424 1466 475 paratiores
1487 424 1542 464 ad
1568 425 1790 475 supplicia

156 488 376 540 patienter
416 488 676 536 toleranda;
709 489 830 540 quod
859 489 1047 540 cupiunt
1085 489 1295 529 nonnulli
1326 491 1373 529 vt
1401 490 1662 541 saepissime
1697 490 1787 539 fiat,

156 555 203 593 vt
231 553 382 593 animo
425 553 610 593 firmiori
655 554 897 605 patiantur,
929 556 971 594 et
1000 566 1025 593 a
1056 554 1221 594 nostris
1250 554 1359 606 quid
1389 566 1464 594 eos
1494 556 1692 606 oporteat
1731 555 1791 594 fa—

155 629 251 658 cere
280 618 550 670 intelligant.
578 618 666 659 Nec
687 631 789 659 vero
811 619 1000 659 infirmis
1021 619 1221 659 ciuitatis
1241 621 1430 670 negatur
1457 621 1611 659 nostra
1640 632 1789 671 opera,

155 683 266 734 quin
295 683 475 734 saepius
504 684 558 722 ad
585 695 661 724 eos
690 684 914 724 iuuandos
944 684 1086 724 nostri
1117 696 1213 724 sese
1242 685 1505 732 conferunt3
1538 696 1629 724 non
1660 685 1791 724 modo

154 748 514 789 confessionibus
558 750 810 798 audiendis,
843 750 920 790 sed
949 749 1084 790 etiam
1120 750 1416 790 morientibus
1447 750 1689 794 assistitur.
1721 750 1792 790 do·

155 826 236 854 nec
278 814 472 853 animam
520 815 627 865 (Deo
661 815 902 866 annuente)
947 815 1286 863 exhalauerint3
1338 815 1448 855 vnde
1493 815 1663 855 fructus
1703 827 1792 855 non

156 880 301 919 solum
333 879 573 920 morientes
602 888 636 928 a,
668 881 747 920 sed
775 881 908 920 etiam
939 881 1200 921 assistentes
1232 881 1453 932 plurimus
1486 881 1789 932 consequitur.

156 945 285 985 Videt
315 945 432 984 enim
478 946 789 997 vnusquisque
832 946 990 996 oculis,
1018 948 1060 986 et
1089 946 1229 994 audit,
1262 946 1487 997 quomodo
1517 958 1563 986 se
1592 946 1649 986 ad
1678 947 1793 986 eius-

155 1010 276 1050 modi
306 1010 545 1050 terminum
576 1011 727 1051 deceat
756 1023 1034 1063 praeparare,
1063 1011 1140 1062 qui
1171 1011 1347 1051 nullum
1377 1014 1442 1051 est
1472 1012 1793 1063 praeteriturus

156 1075 428 1116 mortalium.
463 1076 513 1115 In
543 1076 647 1128 alijs
677 1077 870 1128 denique
890 1077 1101 1128 operibus
1130 1077 1363 1117 charitatis
1392 1079 1668 1129 occupantur
1693 1089 1794 1117 nos-

155 1141 227 1190 tri,
260 1143 408 1192 vtpote
452 1141 626 1181 animas
670 1142 980 1182 cacodemonis
1011 1143 1198 1194 imperio
1227 1143 1433 1182 subditas
1477 1143 1523 1182 in
1564 1155 1712 1182 veram
1742 1143 1793 1182 li·

155 1207 368 1246 bertatem
401 1207 635 1247 vendicare
666 1207 776 1260 [sic]
811 1207 1034 1258 Quaedam
1062 1208 1180 1248 enim
1212 1208 1373 1248 mulier
1401 1208 1668 1260 alienigena,
1692 1221 1792 1248 cum

155 1273 399 1311 amatorem
446 1275 651 1323 sequuta,
701 1274 933 1325 paternam
980 1273 1251 1314 deseruisset
1294 1274 1492 1321 domum,
1543 1274 1793 1314 ministerio

154 1338 409 1377 nostrorum
440 1338 497 1377 ad
526 1339 754 1378 meliorem
784 1339 956 1390 frugem
985 1351 1033 1379 se
1063 1339 1241 1391 recepit,
1264 1339 1496 1391 religionis
1526 1339 1793 1379 coenobium

156 1403 372 1454 ingressa,
398 1404 471 1443 vbi
493 1416 656 1455 magna
676 1416 777 1445 cum
807 1405 1114 1445 aedificatione
1143 1405 1344 1445 omnium
1365 1407 1620 1456 perseuerat
1641 1405 1686 1445 in
1710 1405 1795 1444 vir-

155 1470 262 1508 tute.
309 1469 454 1508 Homo
496 1469 679 1521 quidam
722 1472 948 1521 praeterea
982 1482 1158 1510 onrem
1203 1470 1250 1510 in
1281 1471 1461 1510 vincula
1500 1470 1793 1522 coiJ'ciendam

155 1536 405 1581 curauerat,
437 1536 476 1574 et
509 1546 605 1574 eam
636 1535 689 1575 de
719 1535 939 1576 adulterio
969 1536 1333 1575 constantissime
1363 1536 1615 1583 accusabat,
1647 1538 1794 1575 certus

156 1611 246 1639 rem
277 1599 333 1639 ad
376 1599 509 1639 finem
540 1612 679 1651 Vsque
722 1602 974 1652 perducere,
1008 1601 1096 1641 nisi
1128 1602 1260 1641 vnius
1303 1614 1356 1641 ex
1399 1601 1566 1641 nostris
1610 1601 1794 1640 monitis

156 1665 425 1704 sententiam
457 1667 686 1714 mutasset,
719 1666 961 1706 dummodo
992 1666 1090 1718 ipsa
1115 1666 1162 1706 in
1192 1666 1512 1706 monasterium
1543 1666 1727 1717 aliquod
1747 1678 1794 1705 se

157 1729 383 1780 reciperet,
416 1730 643 1781 pollicitus
674 1743 720 1771 se
751 1743 841 1771 non
872 1731 1059 1771 vlterius
1089 1744 1446 1784 progressurum,
1479 1732 1590 1783 quin
1619 1743 1731 1779 eam,
1756 1731 1793 1771 si

157 1806 257 1834 vere
288 1795 580 1846 resipisceret,
613 1799 908 1848 recepturum.

235 1861 274 1900 3.
308 1861 428 1900 Inter
456 1861 565 1900 haec
599 1862 750 1901 omnia
794 1862 972 1914 negotia
1017 1863 1163 1902 solent
1200 1862 1333 1902 etiam
1373 1862 1516 1902 nostri
1560 1863 1679 1914 quod
1723 1874 1796 1902 su-

157 1927 300 1977 perest
342 1926 570 1977 temporis,
603 1927 665 1966 rei
704 1927 928 1967 literariae
972 1927 1241 1979 impendere,
1273 1940 1361 1979 quo
1405 1928 1683 1968 commodius
1712 1940 1795 1968 sua

156 1991 311 2031 munia
358 1994 648 2042 exequantur.
680 1992 967 2033 Conueniunt
1010 1993 1129 2033 enim
1177 2005 1262 2033 vna
1304 1993 1499 2045 singulis
1542 1993 1716 2041 diebus,
1749 1996 1796 2033 vt

156 2056 391 2097 lectionem
435 2057 687 2109 theologiae
717 2070 742 2097 a
773 2059 902 2098 Patre
946 2059 1131 2098 Rectore
1160 2061 1172 2083 1
1204 2059 1406 2107 audiant,
1456 2070 1591 2110 quam
1634 2059 1795 2099 deinde

157 2122 244 2174 ipsi
273 2123 390 2163 inter
418 2135 465 2163 se
496 2124 711 2164 ventilare
756 2124 945 2176 possint,
978 2125 1107 2165 cuius
1138 2125 1199 2165 rei
1230 2126 1423 2165 fructum
1454 2125 1672 2177 optimum
1704 2125 1796 2165 fore

157 2200 403 2240 speramus.

236 2254 276 2294 4.
308 2254 478 2294 Domus
521 2255 701 2306 propria
731 2255 777 2295 in
821 2256 903 2296 hac
934 2257 1040 2296 vrbe
1069 2256 1202 2296 nobis
1244 2256 1461 2297 hactenus
1492 2268 1583 2295 non
1622 2256 1792 2303 fuerat;

157 2319 274 2359 hanc
320 2321 469 2360 tamen
517 2320 708 2361 emimus
755 2321 839 2361 hoc
886 2323 1083 2373 tempore
1130 2322 1563 2362 commodissimam:
1601 2321 1793 2369 tametsi,

157 2385 370 2436 quoniam
401 2386 498 2425 eius
527 2388 594 2425 est
623 2387 799 2438 generis
821 2389 866 2427 vt
896 2387 1029 2427 vendi
1059 2387 1189 2427 facile
1218 2389 1424 2439 nequeat,
1449 2387 1534 2427 fuit
1562 2387 1659 2427 eius
1690 2398 1796 2426 ven-

158 2450 328 2490 dendae
358 2451 548 2491 facultas
591 2463 617 2491 a
659 2463 760 2504 rege
794 2452 1090 2504 impetranda,
1121 2465 1236 2504 quae
1266 2453 1355 2492 iam
1385 2455 1451 2492 est
1480 2464 1533 2492 ex
1563 2454 1687 2504 parte
1717 2452 1797 2491 im-

157 2517 356 2570 petrata;
389 2528 504 2567 quae
534 2529 603 2556 res
634 2517 719 2557 fuit
748 2518 968 2569 voluptati
999 2530 1133 2569 quam
1166 2518 1373 2569 plurimis
1403 2518 1596 2564 ciuibus,
1632 2517 1796 2569 partim

158 2581 279 2632 quod
307 2581 441 2621 nobis
470 2594 625 2622 omnes
654 2583 767 2623 bene
795 2583 998 2634 cupiunt.
1031 2583 1192 2635 partim
1223 2584 1357 2623 etiam
1387 2583 1506 2635 quod
1536 2585 1602 2623 est
1631 2582 1719 2623 sita
1749 2582 1796 2622 in

158 2645 304 2686 media
336 2647 455 2695 vrbe,
486 2647 584 2687 loco
612 2648 975 2689 commodissimo
1004 2649 1034 2689 ².
1067 2648 1226 2689 Statim
1257 2661 1283 2688 a
1312 2648 1532 2700 principio
1565 2649 1628 2697 (vt
1656 2647 1703 2687 in
1733 2659 1797 2687 re-

221 2813 240 2833 a
259 2805 422 2839 Emend.
448 2815 496 2839 eoe
517 2807 778 2841 morientibus.

223 2944 233 2961 ¹>
257 2942 295 2976 P.
320 2943 453 2976 Petrus
476 2943 697 2977 Domenech.

221 2997 235 3016 ²³
257 2995 350 3029 Vide
383 2997 578 3030 certiorem
611 2997 709 3030 situs
738 2998 1027 3040 descriptionem
1060 2999 1100 3032 in
1134 2999 1208 3032 litt.
1243 2998 1427 3041 quadrim.
1459 2999 1475 3030 1
1510 2997 1678 3030 Ianuarii
1702 2997 1794 3031 1562.

160 3049 258 3082 Loca
280 3050 321 3082 in
342 3050 482 3092 quibus
515 3051 636 3084 nostri
670 3050 790 3084 Toleti
823 3050 1058 3092 habitarunt,
1083 3053 1305 3094 priusquam
1338 3051 1527 3094 propriam
1560 3050 1710 3083 domum
1733 3050 1798 3082 ha·

160 3101 334 3143 buerunt,
369 3103 463 3136 bene
496 3104 651 3145 exponit
683 3103 877 3137 ALcAzAn:
917 3104 1275 3145 chromo-historia,
1306 3104 1334 3145 I,
1359 3105 1421 3137 366
1453 3105 1528 3144 (an.
1554 3104 1661 3144 1559),
1687 3103 1732 3143 II,
1756 3103 1798 3136 39
