2028 3531
314 273 382 307 786
783 270 986 306 erTEuAE
1019 270 1364 314 Quanmmusrnus

268 393 355 430 tem
387 390 507 429 illam
539 389 585 427 in
614 388 778 438 templo
808 388 1054 427 insomnem
1086 387 1258 432 ducere,
1292 387 1497 435 uotaque,
1520 384 1684 435 quibus
1713 395 1760 423 se
1791 384 1891 423 bea-

269 458 337 495 tae
367 455 432 493 illi
465 453 627 503 virgini
657 453 1005 500 obstrinxerunt,
1037 452 1209 491 soluere
1241 462 1317 500 pro
1349 461 1466 488 more
1496 448 1809 495 instituissent;
1832 449 1887 488 ad

268 532 363 559 eam
397 518 727 558 multitudinem
757 518 807 557 R.
843 518 888 558 P.
921 518 1077 556 Rector
1106 515 1361 555 concionem
1392 513 1563 560 habuit,
1597 513 1643 552 in
1672 525 1760 564 qua
1789 525 1887 553 cum

270 585 502 636 praecipue
533 583 587 622 ad
609 584 887 633 peccatorum
908 582 1061 621 sordes
1083 593 1157 632 per
1177 591 1328 619 eorum
1349 578 1672 617 confessionem
1701 577 1893 617 luendas-

272 648 585 700 pudicissimae
605 655 623 673 ἃ
641 659 691 686 ac
712 647 1018 686 sanctissimae
1042 645 1226 695 virginis
1247 643 1446 693 exemplo
1476 642 1493 668 ¹³
1525 644 1639 681 esset
1668 642 1889 689 hortatus,

270 714 331 752 ita
361 723 374 738 ‘'
396 724 551 751 omues
580 724 631 751 eo
661 724 862 751 sermone
885 711 1065 762 permoti
1090 712 1208 753 sunt,
1235 711 1281 747 ut
1305 708 1418 747 duos
1438 707 1686 746 sacerdotes
1706 706 1889 746 audien-

268 779 337 818 dis
366 790 518 817 eorum
548 777 905 817 confessionibus
936 788 1075 827 usque
1105 776 1156 814 ad
1207 774 1388 813 multam
1432 775 1603 812 noctem
1646 771 1891 822 oportuerit

271 843 482 893 uigilare;
515 842 590 881 ubi
622 853 727 881 uero
756 841 850 880 dies
880 841 1042 884 illuxit,
1075 851 1228 879 omnes
1259 839 1346 877 fere
1376 837 1451 888 qui
1478 836 1668 876 confessi
1700 836 1887 883 fuerant,

269 909 596 947 sacrosanctam
627 906 827 957 synaxim
861 907 1163 955 susceperunt,
1188 903 1404 953 multique
1438 904 1657 952 praeterea
1686 912 1737 940 eo
1766 901 1837 940 die
1865 913 1889 939 a

270 973 435 1011 nostris
467 972 665 1022 persuasi
691 971 806 1010 idem
828 972 1037 1016 feceruut,
1060 982 1159 1009 cum
1182 972 1327 1008 tamen
1348 979 1400 1006 ea
1419 967 1472 1005 de
1503 978 1545 1005 re
1571 966 1740 1005 nullam
1762 967 1891 1004 antea

269 1037 581 1089 cogitationem
602 1036 924 1087 suscepissent3
957 1047 1070 1086 quae
1090 1034 1266 1085 quidem
1298 1045 1349 1071 eo
1380 1032 1481 1083 plus
1510 1030 1818 1070 admirationis
1845 1030 1888 1069 in

269 1114 315 1141 se
345 1102 612 1148 habuerunt,
644 1113 732 1152 quo
763 1100 904 1151 magis
933 1102 1062 1139 antea
1094 1100 1253 1138 festum
1284 1097 1395 1137 illud
1438 1096 1572 1144 ludis,
1604 1095 1792 1141 choreis,
1823 1106 1893 1135 ce-

269 1167 462 1218 terisque
493 1166 536 1205 id
566 1177 707 1217 genus
737 1165 987 1205 rationibus
1017 1164 1177 1204 uiolari
1222 1163 1373 1203 uerius
1416 1173 1548 1212 quam
1583 1160 1794 1200 celebrari
1824 1172 1892 1199 so—

269 1232 401 1271 lebat.

350 1297 386 1336 7.
421 1296 546 1346 Quod
576 1296 632 1335 ad
667 1296 850 1335 fratrum
894 1294 1191 1335 necessarium
1223 1293 1390 1333 uictum
1420 1291 1437 1317 ‘¹
1472 1291 1770 1342 uestitumque
1799 1302 1894 1341 per-

270 1361 394 1408 tinet,
426 1361 508 1400 etsi
552 1360 665 1400 nulli
709 1359 840 1399 nobis
882 1361 987 1399 sunt
1028 1359 1133 1398 certi
1169 1357 1381 1404 redditus,
1414 1356 1528 1395 nihil
1561 1357 1707 1395 tamen
1738 1354 1892 1394 diuina

271 1425 525 1477 benignitas
554 1425 684 1464 nobis
714 1424 880 1475 patitur
909 1425 1082 1471 deesse3
1115 1423 1225 1474 quin
1258 1422 1390 1461 etiam
1426 1423 1596 1472 praeter
1624 1432 1676 1459 ea
1703 1431 1816 1471 quae
1847 1419 1892 1458 in

270 1490 536 1530 domesticos
565 1502 675 1530 usus
704 1489 1034 1540 impenduntur,
1066 1488 1352 1539 praecipuum
1375 1486 1526 1537 templi
1556 1486 1709 1534 altare,
1741 1485 1892 1524 tabula

269 1556 461 1607 quadam
491 1554 803 1606 pulcherrimis
832 1562 848 1581 Θ
869 1554 1142 1605 imaginibus
1173 1553 1303 1604 picta,
1335 1563 1532 1602 auroque
1566 1550 1754 1602 fulgenti
1783 1552 1849 1590 est
1880 1548 1894 1575 f

270 1623 547 1668 exornatum,
579 1623 618 1660 et
649 1622 872 1671 praeterea
902 1621 1093 1670 quatuor
1116 1618 1249 1658 etiam
1279 1617 1442 1668 angeli,
1467 1627 1703 1667 puerorum
1724 1615 1894 1666 magni-

270 1685 416 1725 tudini
447 1697 589 1736 pares‚
620 1684 710 1724 ficti
739 1685 859 1731 sunt,
891 1694 1088 1734 auroque
1118 1683 1221 1721 item
1251 1681 1458 1732 cooperti,
1480 1680 1556 1732 qui
1578 1679 1760 1719 mirifice
1789 1691 1893 1719 ean-

271 1750 370 1789 dem
391 1762 510 1789 aram
533 1749 775 1798 illustrant,
798 1750 929 1799 atque
958 1750 1138 1798 aspectu
1163 1748 1363 1787 decorem
1383 1746 1592 1785 efficiunt.
1617 1745 1762 1796 Atque
1783 1744 1891 1784 haec

271 1815 450 1867 quidem
489 1814 639 1853 omnia
677 1826 730 1854 ex
760 1813 935 1864 piorum
978 1813 1210 1852 hominum
1249 1811 1543 1862 eleemosynis
1572 1809 1728 1850 diuina
1761 1809 1894 1849 nobis

271 1879 553 1930 prouidentia
582 1879 756 1918 collatis
786 1878 978 1929 profecta
1008 1879 1125 1917 sunt.
1159 1876 1276 1917 Clari
1310 1876 1492 1926 quidam
1527 1875 1648 1915 ciues
1694 1874 1893 1914 redditus

271 1944 487 1996 quosdam
508 1943 830 1983 ecclesiasticos
851 1954 903 1982 ex
922 1942 1086 1993 quibus
1106 1942 1349 1993 octingenti
1371 1941 1504 1980 ferme
1525 1939 1647 1980 aurei
1663 1947 1682 1973 g
1702 1939 1893 1990 singulis

271 2009 403 2049 annis
431 2009 486 2048 ad
516 2011 717 2048 nostrum
747 2008 981 2058 collegium
1013 2007 1231 2052 uenirent,
1260 2006 1389 2045 nobis
1418 2006 1688 2045 obtulerunt.
1713 2003 1796 2044 Sed
1818 2015 1893 2043 eos

271 2075 327 2114 ob
357 2074 605 2113 animarum
636 2085 786 2113 curam
817 2073 888 2112 cui
918 2084 1217 2123 possessorem
1238 2071 1499 2111 obstrictum
1522 2081 1617 2110 esse
1646 2069 1892 2120 oportebat,

271 2139 323 2178 R.
358 2139 404 2178 P.
438 2139 597 2178 Rector
638 2138 834 2188 accipere
877 2136 1113 2176 recusauit.
1145 2136 1319 2175 Nobilis
1361 2138 1508 2175 autem
1553 2135 1630 2174 illa
1673 2135 1891 2177 matrona,

271 2215 384 2255 quae
414 2215 492 2254 pro
522 2215 602 2243 sua
633 2203 679 2242 in
709 2202 849 2242 Deum
880 2202 1041 2252 pietate
1071 2201 1282 2240 maternis
1325 2212 1428 2251 erga
1463 2212 1544 2239 nos
1574 2199 1775 2250 fungitur
1803 2198 1893 2237 offi—

271 2269 352 2320 cijS
383 2271 411 2316 1,
443 2268 748 2319 superioribus
777 2267 934 2306 diebus
963 2266 1126 2305 sericas
1155 2268 1421 2316 auratasque
1450 2266 1596 2304 uestes
1626 2264 1680 2303 ad
1710 2275 1792 2302 nos
1813 2262 1892 2302 mi-

272 2334 344 2381 sit,
376 2335 419 2373 et
447 2333 536 2372 alia
565 2332 821 2372 huiusmodi
853 2331 1002 2382 magni
1033 2342 1140 2370 sane
1180 2330 1351 2381 praetij,
1383 2342 1496 2381 quae
1539 2329 1585 2368 in
1628 2328 1797 2368 diuinis
1827 2340 1896 2367 sa-

271 2398 449 2450 crificijs
479 2398 580 2438 usui
610 2409 706 2437 esse
748 2397 906 2443 solent,
938 2396 1114 2446 copiose
1156 2395 1538 2443 subministrauit;
1576 2395 1757 2434 domum
1787 2405 1892 2433 uero

272 2465 469 2502 nostram
500 2462 650 2502 linteis
693 2464 735 2501 et
776 2461 1030 2507 sudariolis,
1062 2460 1305 2511 ceterisque
1336 2460 1379 2499 id
1410 2471 1551 2511 genus
1581 2459 1713 2498 rebus
1742 2458 1893 2497 admo-

272 2528 377 2567 dum
408 2527 685 2578 neoessarijS‚
717 2525 1019 2577 locupletauit.
1052 2525 1271 2564 Dominus
1293 2525 1360 2564 illi
1383 2537 1460 2575 pro
1481 2523 1667 2564 terrenis
1686 2522 1892 2562 caelestia

273 2592 432 2631 referat
459 2592 589 2631 dona.

351 2657 388 2696 S.
421 2656 503 2696 Hic
528 2657 653 2696 nulla
672 2656 843 2695 ratione
864 2654 1132 2694 reticendum
1154 2665 1248 2693 esse
1269 2654 1459 2693 arbitror
1479 2653 1640 2692 mirum
1661 2651 1888 2703 quiddam,

272 2721 390 2771 quod
420 2721 498 2760 uni
528 2733 581 2760 ex
610 2721 696 2772 pijs
726 2720 817 2759 illis
848 2718 1124 2765 mulieribus,
1149 2730 1261 2769 quae
1281 2721 1323 2757 et
1342 2718 1464 2769 ipsae
1486 2729 1563 2768 pro
1583 2728 1665 2756 sua
1685 2716 1731 2755 in
1753 2715 1890 2754 Deum

334 2876 351 2894 a
372 2867 533 2900 Emend.
558 2876 605 2899 em
627 2866 846 2908 pudiciciae.
872 2883 911 2887 -
934 2864 952 2891 b
969 2864 1134 2904 exemplo
1157 2873 1283 2904 snpra
1306 2872 1407 2895 vers.
1426 2882 1465 2885 —
1486 2871 1501 2890 c
1521 2862 1603 2895 Del.
1628 2862 1682 2894 ut.
1706 2879 1747 2884 -
1769 2860 1787 2887 d
1808 2860 1891 2893 Del.

273 2922 320 2953 et.
346 2939 383 2943 —
408 2929 423 2947 e
443 2920 604 2953 Emend.
629 2929 676 2952 ex
698 2918 930 2960 pulchribus.
957 2935 996 2939 —
1018 2917 1031 2943 f
1055 2917 1111 2948 est
1134 2925 1261 2957 supra
1290 2925 1391 2949 vers.
1415 2935 1455 2939 —
1478 2924 1497 2951 g
1516 2915 1599 2948 auri
1622 2923 1697 2947 ms.

336 3041 343 3057 ¹
370 3038 461 3070 Vide
484 3047 517 3079 p.
542 3038 614 3078 326,
639 3038 765 3070 annot.
790 3037 821 3069 2.
