2028 3531
333 262 402 297 :314
804 262 1007 299 timeam:
1033 264 1378 309 QUADmMEs'rREs

286 380 477 419 maximo
510 380 637 419 famis
668 380 862 431 periculo
891 381 949 421 sit
977 382 1232 429 constituta,
1263 384 1306 421 et
1335 382 1420 421 iam
1451 382 1557 421 anni
1590 383 1752 422 maiore
1782 386 1903 434 parte

286 445 521 491 transacta,
553 456 706 483 omnes
735 445 931 485 animum
963 446 1318 497 despondissent,
1352 449 1527 497 propter
1557 447 1786 486 hominum
1810 459 1902 498 pec-

284 511 382 547 cata
412 509 489 548 Dei
521 510 666 548 furore
696 521 924 549 accensam
947 510 1193 550 iudicantes
1213 511 1415 550 diuinam
1446 511 1668 550 iusticiam
1699 512 1902 562 precibus

284 575 325 612 et
354 573 632 613 orationibus
661 576 703 613 et
732 575 1002 625 poenitentia
1032 576 1204 627 placare
1230 576 1391 622 exorsi,
1423 576 1663 627 aliquando
1693 577 1903 617 uniuerso

287 639 449 689 populo
469 642 727 685 conuocato,
746 640 988 691 aliquando
1004 641 1196 692 singulis
1216 641 1476 680 curionibus
1493 653 1591 681 cum
1613 642 1784 681 clericis
1809 642 1904 681 suis

286 705 480 742 nostram
511 705 552 743 et
580 704 692 743 alias
721 705 929 744 ecclesias
971 706 1153 745 adibant
1195 706 1399 745 diuinum
1445 706 1660 746 auxilium
1699 707 1904 758 implora-

287 767 396 814 tu1·i;
442 770 573 819 atque
616 781 668 808 ex
701 769 867 809 nostris
909 770 1187 810 scholasticis
1230 783 1516 822 nonunquam
1562 771 1701 822 aliqui
1744 771 1905 811 tenella

284 843 467 882 corpora
510 833 697 884 flagellis
739 834 971 874 caedentes
1017 835 1274 875 huiusmodi
1323 847 1508 886 pompas
1553 836 1901 883 comitabantur;

286 898 506 946 postremo
536 898 711 937 tandem
745 899 917 938 Patrem
948 900 1175 939 Rectorem
1207 902 1217 924 ¹
1252 900 1486 950 petierunt,
1510 912 1588 951 pro
1617 902 1740 939 tanta
1768 900 1905 940 totius

286 962 437 1012 populi
467 963 718 1011 afflictione,
750 964 835 1003 sibi
865 965 1073 1005 omnibus
1112 966 1262 1005 liceret
1290 965 1361 1004 die
1394 965 1617 1004 dominico
1656 965 1906 1016 disciplinis

285 1026 485 1066 diuinam
516 1028 794 1068 clementiam
837 1041 1039 1070 exorare:
1084 1030 1249 1081 quibus
1277 1042 1301 1069 a
1333 1030 1461 1069 Patre
1505 1030 1636 1070 uenia
1680 1042 1903 1077 concessa,

285 1103 373 1141 quo
402 1092 565 1132 animis
593 1105 618 1131 a
647 1094 839 1143 peccatis
868 1094 1143 1134 immunibus
1163 1095 1335 1145 flagella
1366 1097 1409 1134 et
1437 1095 1660 1134 orationes
1690 1095 1780 1134 Deo
1810 1107 1906 1145 gra-

286 1157 354 1195 tae
384 1158 540 1202 forent,
572 1158 722 1197 statim
754 1159 960 1198 Patribus
988 1162 1093 1199 sunt
1126 1159 1339 1199 confessi:
1382 1159 1438 1210 ijs
1467 1172 1492 1198 a
1524 1160 1686 1211 populo
1724 1159 1904 1206 auditis,

286 1222 408 1260 tanta
438 1222 668 1262 hominum
699 1223 946 1274 frequentia
975 1236 1026 1263 eo
1055 1225 1126 1264 die
1155 1225 1210 1264 ad
1240 1236 1321 1264 nos
1349 1225 1577 1271 confluxit,
1611 1227 1657 1264 ut
1686 1224 1905 1264 neminem

286 1284 526 1326 Olcadibus
570 1299 649 1327 nec
690 1289 976 1328 ecclesiastici
1020 1301 1099 1328 nec
1143 1289 1385 1329 saecularis
1424 1289 1594 1329 ordinis
1625 1289 1762 1328 fuisse
1795 1289 1907 1328 exis—

286 1349 451 1396 timem,
480 1353 555 1403 qui
599 1352 963 1393 scholasticorum
1009 1354 1126 1393 uotis
1169 1354 1317 1393 fauere
1360 1366 1449 1393 non
1479 1354 1719 1393 studuerit:
1756 1354 1832 1393 sed
1865 1356 1908 1393 et

286 1415 669 1466 disciplinantium
701 1429 913 1457 numerus
942 1420 1099 1458 auctus
1119 1421 1184 1457 est
1205 1419 1410 1469 plurimis
1439 1418 1541 1469 alijs
1569 1418 1701 1458 etiam
1723 1421 1764 1458 et
1784 1419 1908 1457 nobi-

287 1479 405 1519 libus
435 1481 677 1521 iuuenibus
705 1494 803 1522 cum
835 1490 853 1508 a
882 1483 1160 1522 scholasticis
1181 1483 1346 1522 nostris
1366 1483 1689 1523 accedentibus.
1712 1483 1908 1522 Accessit

288 1556 472 1596 pompae
515 1547 746 1586 cuiusdam
791 1548 939 1587 fratris
981 1548 1198 1588 decimum
1244 1548 1481 1599 septimum
1524 1560 1692 1587 annum
1735 1548 1908 1599 agentis

286 1609 342 1648 ad
372 1611 662 1651 scholasticos
691 1612 954 1661 exhortatio,
986 1625 1098 1664 quae
1129 1614 1281 1652 haberi
1311 1625 1401 1652 non
1437 1613 1594 1664 potuit,
1629 1613 1738 1664 quin
1777 1626 1802 1652 a
1831 1625 1908 1663 gu-

290 1674 535 1720 bernatore,
581 1677 711 1724 clero,
753 1677 942 1728 alijsque
971 1678 1195 1725 omnibus,
1227 1690 1340 1729 quos
1369 1679 1528 1718 domus
1557 1678 1717 1718 atrium
1749 1678 1905 1728 coepit,

287 1740 535 1781 audiretur:
567 1741 690 1781 illius
714 1745 860 1782 autem
882 1745 1002 1782 aetas
1025 1743 1279 1782 uniuersam
1309 1743 1566 1782 concionem
1597 1743 1642 1782 in
1672 1743 1742 1783 sui
1772 1743 1909 1782 admi-

288 1804 502 1844 rationem
533 1807 694 1857 rapuit,
727 1807 884 1858 uisque
912 1807 1087 1847 dicendi
1117 1810 1159 1847 et
1188 1808 1234 1846 in
1265 1808 1497 1847 mouendis
1536 1808 1768 1847 affectibus
1800 1807 1908 1847 acri-

288 1869 436 1908 monia
466 1873 724 1911 cunctorum
755 1872 908 1911 oculos
938 1872 983 1911 in
1014 1872 1264 1923 lachrymas
1288 1872 1519 1920 dissoluit3
1552 1884 1631 1912 nec
1663 1884 1827 1923 paruus
1855 1872 1908 1911 de

287 1947 337 1974 eo
368 1939 520 1986 postea
549 1939 764 1988 sequutus
798 1940 864 1977 est
898 1950 1061 1984 rumor,
1099 1941 1265 1977 tantam
1297 1950 1416 1988 spem
1449 1941 1491 1978 et
1520 1938 1680 1978 exteris
1709 1940 1750 1977 et
1781 1938 1908 1977 nobis

287 2000 339 2039 de
369 2013 415 2040 se
444 2001 577 2041 dedit.
613 2002 747 2042 Aliud
790 2003 922 2042 etiam
965 2003 1139 2049 addam,
1186 2015 1240 2042 ne
1282 2003 1489 2042 exercitia
1533 2005 1684 2042 nostra
1729 2003 1907 2042 silentio

287 2064 532 2105 inuoluam.
580 2067 655 2106 Est
698 2067 905 2107 recitatus
947 2067 1154 2117 dialogus
1184 2068 1229 2106 in
1259 2080 1347 2118 quo
1391 2068 1684 2107 scholasticus
1732 2068 1908 2118 proprio

287 2130 423 2169 Marte
454 2142 530 2181 per
559 2132 664 2171 treis
692 2132 828 2171 horae
862 2134 1007 2182 partes
1049 2132 1243 2172 carmine
1289 2133 1525 2183 peroranit,
1570 2133 1687 2183 quod
1731 2132 1907 2183 quidem

288 2206 377 2233 non
408 2207 562 2245 parum
592 2197 834 2236 declarauit
863 2209 995 2248 quam
1027 2197 1272 2236 uberrimos
1301 2197 1417 2248 apud
1450 2199 1626 2236 nostros
1655 2197 1907 2236 scholastici

288 2259 334 2298 in
364 2259 523 2299 litteris
553 2261 745 2301 facerent
788 2274 1063 2313 progressus,
1108 2274 1207 2301 cum
1254 2263 1507 2312 praesertim
1547 2265 1649 2302 ante
1678 2261 1910 2302 Societatis

287 2324 526 2364 aduentum
575 2327 649 2365 uix
683 2327 804 2366 ullus
846 2326 1085 2367 Olcadibus
1127 2327 1434 2377 grammatices
1464 2329 1694 2378 praecepta
1724 2327 1909 2377 perfecte

287 2389 560 2440 contigisset.
593 2391 710 2430 Laus
740 2392 829 2431 Deo
851 2404 983 2443 aquo
1012 2392 1158 2431 omnis
1187 2392 1382 2442 cognitio
1412 2392 1625 2431 dimanat.
1661 2391 1777 2430 Haec
1805 2392 1910 2430 sunt

287 2466 400 2505 quae
429 2455 482 2494 de
511 2456 687 2506 studijS,
720 2456 810 2495 Deo
840 2457 1032 2503 fauente,
1065 2457 1299 2496 scribenda
1328 2457 1582 2497 habuimus.

366 2522 404 2560 33.
438 2521 590 2561 Patres
629 2534 733 2561 uero
776 2522 1012 2561 audiendis
1054 2522 1411 2561 confessionibus
1440 2524 1482 2561 et
1511 2521 1802 2561 concionibus
1831 2521 1909 2559 ha-

290 2586 445 2625 bendis
475 2586 737 2626 insudantes
767 2587 1008 2638 plurimum
1048 2586 1177 2625 nobis
1206 2587 1405 2626 omnium
1436 2587 1611 2626 animos
1652 2585 1907 2633 conciliant,

289 2662 377 2699 quo
406 2651 609 2690 effectum
653 2654 733 2698 est,
767 2653 814 2691 ut
845 2651 1089 2702 persecutio
1134 2650 1226 2697 illa,
1271 2663 1404 2702 quam
1434 2653 1481 2690 in
1514 2651 1819 2702 superioribus
1848 2652 1910 2689 at-

289 2715 487 2766 tigimus,
522 2716 648 2755 facile
679 2717 811 2756 fuerit
854 2716 1027 2755 sedata:
1075 2716 1341 2766 iurisperitis
1371 2718 1411 2755 et
1440 2715 1710 2762 doctoribus,
1746 2715 1910 2766 quibus

352 2896 369 2915 a
401 2897 472 2920 cun
497 2898 567 2920 ms.

354 3044 362 3060 ¹
388 3041 423 3074 P.
450 3042 610 3074 Didacus
633 3042 799 3074 Carrillo.
