2028 3531
445 275 519 309 ¹469.
547 295 592 298 -
619 273 855 308 ΜΕΤΗΥΜΝΑ
884 271 1015 307 CAMP1
1047 272 1090 306 10
1116 271 1308 306 leUARn
1342 271 1425 305 1561
1658 271 1704 306 55

116 394 266 434 nerale
294 392 540 444 capitulum
570 392 865 437 celebrarunt,
897 390 984 437 cui,
1015 389 1092 440 qui
1123 388 1489 440 generalissimus
1522 389 1654 439 vulgo
1689 390 1753 428 di-

115 459 232 499 citur
261 461 290 505 1,
324 457 500 509 prefuit.
543 457 746 496 Lectores
790 455 930 495 nostri
975 454 1070 494 suis
1113 454 1349 504 discipulis
1391 453 1631 504 constipati
1679 466 1754 504 per

118 524 308 564 mediam
339 523 493 563 urbem
523 534 613 562 non
643 522 740 561 sine
771 520 1040 560 intuentium
1073 522 1115 559 et
1144 519 1440 559 admiratione
1486 521 1528 558 et
1571 519 1750 569 gaudio.

118 591 165 629 ut
195 589 437 629 eorundem
467 587 705 627 conciones
734 586 955 632 audirent,
988 585 1040 626 D.
1076 584 1300 624 Francisci
1335 584 1549 635 templum
1592 584 1754 635 petiue-

118 656 235 694 runt.
269 653 499 694 Generalis
542 652 680 692 totius
723 651 896 691 ordinis
939 651 1190 690 moderator
1220 662 1305 689 vna
1349 661 1448 689 cum
1493 648 1679 689 caeteris
1709 660 1755 688 se

119 720 249 759 nobis
280 719 456 770 prebuit
485 718 753 758 studiosum.
788 717 907 756 Inter
936 716 1025 755 alia
1056 715 1127 766 pia
1160 715 1336 766 negotia
1375 727 1489 766 quae
1520 715 1565 755 P.
1598 715 1757 753 Rector

117 788 159 824 et
189 784 348 824 caeteri
380 795 530 835 gesere
562 783 730 829 Patres,
757 794 890 821 vnum
922 781 965 820 id
997 781 1177 821 silentio
1208 792 1298 820 non
1329 780 1564 831 preteribo,
1587 792 1676 831 quo
1701 779 1757 819 ad

117 850 401 890 concordiam
432 851 474 888 et
505 849 641 888 vitam
674 847 927 887 vnanimem
960 850 998 895 (a
1030 858 1119 897 qua
1149 847 1280 897 longe
1318 846 1518 895 aberant)
1551 845 1756 884 maritum

118 915 340 966 quendam
369 917 411 954 et
442 925 622 954 uxorem
647 913 924 964 redegerunt.
950 911 1034 962 Qui
1059 914 1123 961 (ut
1154 913 1253 962 pote
1274 911 1439 951 diuites
1460 913 1502 950 et
1531 910 1755 960 honorati)

117 981 274 1020 cadere
302 980 514 1031 opinione
545 980 762 1030 poterant,
786 980 827 1017 et
858 978 904 1017 in
934 989 1041 1017 suae
1072 976 1214 1016 famae
1246 976 1395 1016 venire
1424 976 1754 1015 detrimentum.

121 1047 367 1093 Praeterea,
400 1045 615 1085 suadente
644 1044 838 1096 quodam
870 1043 999 1083 Patre
1030 1045 1197 1087 nostro,
1230 1044 1435 1082 matrona
1478 1053 1651 1081 summe
1685 1053 1760 1092 po-

118 1114 219 1151 tens
249 1111 498 1150 mirandam
530 1109 719 1149 vestium
742 1109 887 1149 effecit
918 1108 1226 1151 mutationem,
1249 1119 1407 1147 aurum
1429 1114 1462 1153 ³,
1492 1106 1757 1156 holoserica,

119 1180 162 1217 et
200 1176 488 1216 versicoloria
522 1175 787 1214 vestimenta
830 1174 1073 1224 deponens,
1120 1173 1330 1212 maritum
1375 1174 1422 1212 ut
1466 1172 1510 1211 id
1554 1173 1761 1223 probaret

121 1242 387 1282 inducendo.
422 1241 521 1281 Fuit
550 1241 619 1280 vir
648 1240 724 1292 qui
757 1240 897 1279 multo
927 1241 1123 1290 tempore
1154 1240 1318 1288 (annus
1348 1238 1466 1277 enim
1497 1249 1597 1277 cum
1632 1237 1762 1277 dimi-

120 1308 196 1347 dio
229 1307 458 1357 efluxerat)
492 1306 630 1357 patris
673 1307 960 1356 conspectum
1004 1304 1218 1352 euitabat,
1250 1304 1355 1351 imo,
1388 1305 1430 1343 et
1472 1303 1620 1343 cuiuis
1664 1302 1759 1354 [sic]

121 1372 353 1413 domestici
385 1372 572 1420 (veritus
616 1384 671 1410 ne
714 1371 753 1410 is
798 1371 868 1410 Pr.
902 1372 1032 1417 esset,
1064 1382 1195 1421 quem
1235 1369 1435 1418 timebat)
1476 1367 1762 1409 rennuebatb

121 1438 287 1478 obiare.
321 1437 405 1478 Sed
435 1449 536 1477 cum
567 1437 745 1477 tandem
776 1436 815 1476 ei
838 1444 851 1462 ς
885 1438 1007 1487 pater
1040 1436 1297 1483 occurisset,
1329 1435 1561 1475 lachrimis
1603 1436 1646 1474 et
1688 1446 1762 1485 ge-

123 1503 309 1544 mitibus
338 1506 405 1543 est
436 1503 666 1554 loquutus,
699 1502 815 1542 vitae
853 1504 956 1541 ante
999 1504 1122 1541 actae
1165 1501 1326 1541 ductus
1360 1500 1649 1552 poenitentia,
1683 1500 1763 1539 Pa—

122 1571 233 1608 trem
263 1581 394 1609 suum
426 1568 563 1608 vitam
593 1579 644 1607 ac
673 1567 917 1607 remedium
939 1566 956 1592 d
979 1566 1255 1618 appellabat3
1289 1566 1440 1617 sicque
1466 1566 1585 1605 Deus
1615 1577 1764 1605 erran·

123 1637 209 1673 tem
241 1646 369 1674 ouem
402 1635 486 1674 hoc
516 1634 562 1673 in
594 1633 752 1672 itinere
781 1633 836 1672 ad
866 1644 913 1672 se
944 1632 1132 1672 reduxit.

203 1701 242 1740 5.
276 1699 502 1740 Multoties
532 1698 812 1750 parrochiam
843 1697 1082 1750 quamdam
1113 1697 1361 1737 doctrinam
1405 1697 1605 1736 canendo
1649 1697 1765 1736 inui-

124 1767 281 1814 simus,
315 1766 391 1806 ubi
423 1767 601 1817 propter
630 1765 766 1804 latam
799 1763 1051 1815 planiciem,
1084 1763 1258 1803 lusores
1296 1763 1463 1802 multos
1506 1762 1765 1802 inuenimus

123 1833 201 1884 qui
231 1832 435 1874 libenter.
482 1833 526 1870 vt
569 1842 652 1870 nos
697 1830 863 1877 vident,
895 1830 951 1869 ab
995 1829 1073 1868 illo
1117 1830 1290 1868 cessant
1336 1840 1490 1879 opere,
1524 1830 1566 1868 et
1596 1840 1709 1880 quae
1740 1841 1764 1867 a

125 1898 256 1938 nobis
277 1898 502 1939 dicuntur.
525 1898 690 1936 attente
720 1908 770 1935 ac
801 1895 1016 1935 beneuole
1045 1894 1250 1934 audiunt.
1284 1894 1448 1934 Verum
1474 1906 1573 1933 cum
1596 1894 1764 1934 detrac-

125 1967 243 2004 tores
272 1975 363 2003 non
393 1962 554 2009 desint,
586 1962 663 2013 qui
695 1973 778 2000 nos
807 1962 1052 2007 exerceant,
1088 1960 1207 1999 velut
1250 1972 1407 2000 aurum
1445 1960 1547 2011 igne
1577 1960 1766 2010 proban-

126 2033 205 2077 tes,
237 2029 374 2069 semel
403 2027 579 2074 accidit,
625 2029 673 2067 ut
717 2026 927 2066 Patribus
970 2026 1137 2065 nostris
1180 2025 1393 2077 templum
1439 2025 1633 2077 quodam
1670 2025 1764 2076 [sic]

127 2093 484 2145 ingredientibus
514 2092 570 2132 ad
600 2092 865 2132 extraendos
896 2102 1071 2142 pueros,
1095 2090 1168 2142 qui
1203 2102 1249 2130 se
1279 2090 1390 2130 inibi
1415 2090 1764 2133 occultauerant,

126 2159 333 2199 sacerdos
353 2158 534 2210 quidam
566 2157 613 2197 in
636 2158 744 2196 haec
766 2157 898 2196 verba
924 2158 1273 2207 prorrumperet:
1301 2172 1321 2190 «
1342 2168 1555 2207 quorsum
1580 2156 1664 2195 ista
1691 2156 1767 2206 hy-

128 2224 331 2276 pocrisis,
362 2224 434 2264 cui
464 2226 530 2263 est
563 2223 663 2263 usui
686 2230 702 2249 θ
733 2222 922 2262 mendax
953 2222 1214 2261 traducendi
1246 2234 1407 2273 pueros
1436 2224 1478 2261 et
1508 2222 1609 2261 ficta
1633 2221 1767 2260 deuo-

128 2290 220 2330 tio?
251 2290 491 2341 prestiterit
536 2289 684 2341 ocyari
716 2300 878 2340 pueros
907 2290 948 2327 et
978 2287 1170 2339 gaudere
1201 2304 1238 2327 ».
1275 2287 1422 2327 Nostri
1455 2288 1623 2333 Patres,
1656 2299 1769 2338 quas

128 2358 308 2408 posunt,
340 2356 531 2396 audiunt
560 2354 863 2401 confesiones;
898 2354 948 2393 ad
986 2353 1236 2393 audiendos
1266 2355 1414 2392 tamen
1444 2355 1663 2404 aegrotos,
1690 2353 1770 2391 fre-

127 2425 315 2474 quenter
343 2422 635 2462 aduocantur.

208 2488 246 2529 6.
279 2488 404 2538 Quod
436 2487 491 2527 ad
522 2486 774 2526 aedificium
804 2486 965 2525 domus
999 2486 1172 2532 attinet,
1206 2485 1372 2525 nostris
1411 2484 1726 2524 fundatoribus
1754 2485 1768 2506 '²

129 2554 246 2593 idem
278 2553 410 2593 durat
439 2552 620 2592 animus
650 2551 908 2591 inchoatum
940 2562 1054 2602 opus
1085 2550 1368 2601 fastigiandi;
1402 2550 1596 2589 maximo
1635 2549 1771 2588 sacel—

193 2698 212 2717 a
231 2689 375 2722 Prima
399 2689 474 2721 litt.
500 2699 524 2721 u
549 2688 645 2721 add.
670 2696 798 2729 supra
834 2696 933 2719 cers.
961 2706 1002 2709 —-
1025 2687 1044 2713 b
1064 2686 1250 2718 Primum
1276 2696 1299 2718 n
1323 2686 1416 2718 aad.
1444 2695 1572 2727 supra
1605 2694 1707 2718 vers.
1732 2704 1772 2708 -

130 2752 146 2771 e
169 2743 201 2775 is
226 2752 297 2776 ms.
330 2763 367 2765 —
393 2742 411 2769 d
432 2742 518 2784 Seq.
550 2742 574 2774 2
601 2751 659 2774 vv.
684 2750 858 2783 prorsus
881 2741 1103 2773 obliterata.
1129 2759 1168 2762 —
1191 2749 1206 2764 Ρ
1229 2741 1252 2772 :2
1283 2749 1343 2772 vv.
1364 2748 1499 2781 praee.
1526 2739 1619 2772 add.
1644 2748 1770 2780 supra

132 2806 247 2831 vers„
273 2797 394 2829 deleto
418 2796 500 2828 alio
526 2796 651 2828 verbo.

194 2913 202 2929 ¹
229 2911 285 2943 Ab
309 2920 408 2943 anno
434 2912 515 2943 1559
539 2911 585 2943 ad
611 2911 694 2943 1565
717 2919 914 2952 supremus
938 2909 1147 2942 moderator
1170 2909 1209 2941 O.
1236 2908 1272 2941 F.
1298 2908 1342 2941 M.
1368 2908 1440 2940 fuit
1463 2907 1685 2940 Franciscus
1710 2907 1774 2939 Za-

133 2973 236 2996 mora
258 2964 303 2997 de
326 2963 486 2997 Cuenca.
511 2964 563 2998 Cf.
589 2964 819 2996 HOLZAFFEL:
849 2963 1041 2995 Manuale
1065 2962 1270 2994 Historiae
1298 2961 1463 2994 Ordinis
1486 2960 1679 2993 Fratrum
1704 2961 1775 2992 mi-

134 3027 288 3051 norum.
309 3019 382 3051 621.

196 3073 208 3090 ²
233 3071 367 3104 Petrus
390 3071 586 3104 Cuadrado
610 3072 646 3103 et
670 3071 868 3103 Francisca
891 3068 1052 3111 Manjdn,
1077 3069 1160 3101 eius
1183 3077 1290 3101 uxor.
