2028 3531
330 281 399 316 764
794 280 999 317 Lir‘rssRAE
1027 280 1374 324 Qqumnffls'rnEs

284 398 330 438 in
360 398 490 437 bonis
519 398 673 445 literis,
706 410 796 438 una
823 410 921 438 cum
956 397 1185 449 probitate,
1210 395 1504 447 coniungunt,
1536 397 1667 447 atque
1697 396 1751 435 ad
1782 395 1907 436 insti-

283 465 427 503 tutum
449 465 648 502 nostrum
669 463 1000 514 suscipiendum
1024 462 1212 501 maxime
1234 461 1533 501 intlamantur.
1555 461 1585 500 E
1602 460 1782 511 uicinijS
1801 472 1908 511 quo-

283 540 368 579 que
397 528 603 567 studendi
634 527 774 577 gratia
804 528 1000 567 certatim
1032 528 1243 565 colluunt.
1281 526 1327 564 ln
1367 525 1477 565 festo
1507 525 1599 565 diui
1632 525 1788 573 Lucae,
1819 538 1907 576 quo

283 593 428 632 solent
449 593 589 632 bonae
611 592 750 643 frugis
779 593 1026 632 studiorum
1050 590 1308 641 specimina,
1340 591 1472 641 atque
1493 592 1754 640 argumenta
1786 601 1906 640 prae-

286 657 392 704 beri,
424 657 602 696 habitae
631 659 736 696 sunt
773 657 1129 704 declamationes,
1162 657 1294 705 atque
1324 654 1369 693 in
1400 654 1471 693 his
1513 654 1628 694 edita
1659 656 1765 694 sunt
1807 655 1908 694 buc—

283 722 435 762 colicis
455 722 727 761 carminibus
756 721 1029 772 spectacula;
1053 732 1166 771 quae
1187 719 1335 758 omnia
1356 730 1530 758 summo
1555 719 1813 765 astantium,
1831 718 1905 770 qui

286 786 464 837 plurimi
496 786 688 831 fuerunt,
721 798 940 825 consensu
972 786 1229 836 approbata,
1262 785 1394 834 atque
1427 785 1607 834 excepta
1637 785 1754 823 sunt.

367 851 705 902 [Adiumentwm
734 855 781 891 in
805 853 976 902 negotio
1001 851 1236 901 temporali
1257 850 1436 889 cuidam
1465 851 1693 899 negatum,
1715 850 1790 889 sed
1809 862 1907 900 pre·

285 917 405 956 cibus
427 917 661 964 obtentum,
685 917 757 955 illi
778 917 885 955 bono
911 917 1108 965 exemplo
1131 916 1209 953 est.
1242 915 1319 953 Vir
1340 914 1524 963 quidam
1544 914 1693 963 famae
1712 915 1910 964 proximi

286 994 312 1020 a
332 994 377 1021 se
399 981 684 1031 labefactatae
704 982 910 1020 consulit.
935 981 1105 1019 Nobilis
1132 982 1198 1018 vir
1219 979 1275 1018 acl
1304 980 1532 1017 saniorem
1562 979 1739 1028 frugem
1760 977 1908 1029 redit.]

366 1045 592 1084 Postremo
623 1044 836 1095 proximis
865 1044 1021 1083 diebus
1053 1044 1102 1082 R.
1136 1043 1182 1082 P.
1216 1042 1387 1081 Natalis
1417 1041 1472 1081 ad
1502 1053 1584 1081 nos
1616 1042 1830 1092 peruenit,
1863 1044 1911 1081 ut

287 1111 438 1149 nostro
467 1121 644 1160 quoque
677 1109 879 1160 collegio,
910 1108 1282 1159 quemadmodum
1328 1109 1370 1146 et
1400 1106 1601 1157 relliquis
1631 1109 1807 1146 nostrae
1836 1106 1911 1146 So-

286 1174 473 1222 metatis,
498 1173 770 1213 uisitationis
791 1174 1050 1213 beneficium
1077 1172 1359 1223 impenderet.
1384 1171 1477 1211 Dici
1503 1183 1589 1211 non
1615 1173 1754 1222 potest
1774 1183 1911 1222 quan·

287 1241 379 1278 tum
410 1238 506 1278 eius
536 1238 784 1288 praesentia
818 1238 1032 1285 solamen,
1064 1239 1365 1287 quantamque
1404 1236 1449 1274 in
1479 1235 1669 1274 Domino
1698 1235 1911 1274 laetitiam

287 1303 417 1342 nobis
446 1303 654 1342 omnibus
684 1302 895 1351 attulerit,
928 1314 1007 1341 nec
1031 1301 1197 1340 minore
1230 1301 1357 1340 Pater
1387 1300 1481 1351 ipse
1512 1300 1564 1339 de
1594 1311 1831 1351 progressu
1851 1300 1910 1338 af-

288 1368 428 1408 fectus
457 1368 635 1419 gaudio,
667 1370 798 1418 atque
827 1367 1100 1415 aedificatus,
1132 1365 1350 1405 discessit.
1386 1366 1571 1416 Insuper
1590 1365 1643 1404 de
1664 1365 1911 1404 studiorum

288 1433 573 1472 incrementis
593 1434 636 1472 et
655 1432 989 1472 scolasticorum
1012 1443 1209 1479 flumem,
1233 1442 1283 1470 ac
1306 1431 1483 1478 uirtute,
1506 1429 1675 1480 optima
1692 1431 1913 1480 praeterea

288 1510 365 1549 spe
394 1497 531 1537 futuri
562 1509 823 1549 progressus
855 1509 941 1536 non
989 1496 1266 1535 mediocriter
1294 1497 1360 1535 est
1389 1495 1664 1534 exhilaratus
1693 1496 1721 1534 ¹.
1754 1493 1914 1534 Omnia

289 1562 368 1602 Dei
390 1562 555 1613 Optimi
586 1562 765 1601 Maximi
787 1561 1137 1608 beneuolentiae,
1161 1560 1289 1600 cuius
1319 1561 1427 1599 haec
1447 1560 1564 1599 dona
1593 1561 1713 1607 sunt,
1737 1560 1914 1610 accepta

290 1627 534 1667 referimus.
560 1627 693 1679 [Socii
723 1628 824 1666 bene
845 1628 1009 1666 valent.
1041 1625 1136 1677 etc]
1161 1626 1389 1664 Belmonte
1409 1636 1528 1664 anno
1549 1624 1709 1664 salutis
1737 1626 1914 1663 nostrae

291 1693 406 1732 1562.
439 1693 489 1733 V.
523 1693 569 1732 P.
603 1692 722 1732 filius
752 1691 966 1743 indignus
995 1691 1041 1730 in
1073 1690 1201 1731 Chro.

1558 1754 1747 1804 QUADRA
1775 1755 1805 1794 ².

1047 2006 1160 2053 626

646 2145 1139 2196 FRANCISCUS
1194 2144 1562 2194 XIMENEZ

794 2293 950 2320 MURGIA
976 2283 997 2318 3
1024 2293 1244 2318 FEBRUARH
1276 2282 1365 2317 1562
1390 2282 1414 2318 3.

291 2408 329 2444 1.
360 2404 592 2444 Sociorum
621 2416 853 2443 numerus.
881 2403 976 2450 Qua
996 2403 1171 2441 ratione
1200 2403 1414 2452 religiosa
1436 2402 1676 2451 disciplina
1695 2400 1913 2450 foveatur.

400 2491 449 2495 ——
471 2473 512 2507 2.
535 2468 809 2518 Spirilualia
831 2468 1008 2507 auxilia
1028 2469 1171 2506 variis
1192 2468 1423 2505 hominum
1445 2465 1663 2505 classibus
1679 2465 1914 2515 praestita.

398 2556 450 2560 —
480 2538 520 2572 3.
551 2533 603 2572 Ρ.
640 2533 859 2572 Govierno
888 2544 1051 2582 magno
1086 2545 1186 2571 cam
1220 2533 1383 2581 fructu,
1415 2532 1455 2570 et
1488 2533 1604 2570 miro
1635 2521 1917 2569 audientiam

399 2610 619 2638 concursu
666 2598 966 2637 contionatur.
1001 2619 1050 2624 —-
1095 2601 1140 2635 4.
1192 2597 1369 2636 Abusus
1399 2598 1556 2646 ingens
1603 2595 1823 2634 sublatus.
1863 2594 1916 2633 P.

398 2665 598 2703 Hectoris
620 2664 859 2702 contiones.
894 2684 943 2688 ——
972 2666 1015 2701 5.
1047 2662 1280 2700 Excursus
1305 2674 1388 2711 per
1416 2661 1628 2700 dioecesis
1660 2659 1834 2710 oppida.
1867 2681 1917 2685 —

358 2847 368 2864 ¹
392 2845 443 2877 Cf.
469 2844 592 2886 Epist.
617 2844 661 2877 P.
686 2843 833 2880 Nadal,
859 2843 885 2879 I,
909 2843 981 2874 646.

357 2900 370 2918 ²
392 2897 485 2930 Vide
509 2907 542 2939 p.
568 2898 640 2930 320.

357 2952 370 2970 ³
392 2951 444 2983 Ex
468 2952 627 2992 autogr„
653 2951 695 2982 ut
718 2950 876 2988 videtur,
902 2949 941 2981 in
964 2949 1042 2981 cod.
1064 2947 1177 2989 Hisp.
1196 2948 1256 2985 99,
1281 2949 1301 2980 02
1322 2948 1372 2988 ff.‚
1397 2958 1460 2981 nn.
1484 2949 1536 2987 91,
1560 2948 1617 2987 9.⁶2;
1635 2947 1739 2988 prius
1757 2947 1826 2986 147,
1846 2947 1916 2979 148.

295 3004 522 3036 Praecedunt
548 3004 587 3036 in
609 3003 645 3036 ff.
669 3004 721 3042 87,
739 3004 780 3035 90
802 3004 838 3035 et
860 3002 956 3034 88—89
972 3001 1045 3034 duo
1061 3002 1229 3042 exempla
1245 3002 1363 3034 latina
1379 3011 1400 3033 a
1417 3001 1454 3034 P.
1474 3000 1755 3033 Bartholomaeo
1777 2999 1918 3041 Coquio

294 3057 516 3098 subscripta.
542 3056 749 3089 Cohaerent
771 3064 855 3088 cum
877 3054 1043 3096 exemplo
1067 3053 1238 3095 hispano.
