2028 3531
526 276 606 312 603.
635 298 676 302 —
706 277 926 313 MouAcfflo
955 277 972 312 1
1002 276 1194 313 IANUARII
1224 277 1314 313 1562
1624 278 1694 314 665

215 397 392 434 minum
418 396 711 434 multitudine
731 397 938 435 exhibita.
963 419 1013 423 ——
1035 401 1076 436 3.
1106 397 1339 446 Frequens
1370 397 1427 435 ad
1456 397 1742 435 sacramenta

215 472 428 499 accursus
470 473 548 510 per
578 463 853 501 occasionem
896 462 1094 501 iubilaei.
1126 484 1178 488 -
1208 461 1382 500 Nobilis
1422 463 1599 500 invenis
1629 462 1741 500 alio-

213 538 404 576 rumque
433 539 486 565 ex
512 528 881 576 protestantisnio
912 529 1236 567 conversiones.
1258 528 1466 577 Aeyrotis
1487 528 1526 565 et
1547 528 1740 565 morien-

213 591 330 630 tibus
373 591 651 631 subvenitur.
695 614 745 619 —
787 596 832 631 4.
875 593 1110 643 Principis
1153 594 1405 642 civiumque
1448 604 1557 642 crya
1599 593 1742 630 socios

213 657 529 696 benevolentia.

187 792 223 831 1.
258 791 365 832 IHS.
396 790 551 832 Gratia
594 793 636 831 et
680 804 765 843 pax
810 793 935 833 IESV
979 792 1098 834 Chri.
1132 793 1191 833 sit
1233 804 1408 844 semper
1441 793 1488 832 in
1530 792 1741 832 cordibus

105 855 286 903 nostris,
318 867 462 895 amen,
489 855 672 907 [Scribat
703 857 921 909 brevnov-1.
944 857 1152 897 Viuimus
1182 857 1229 897 in
1259 857 1343 897 hoc
1372 857 1520 897 ducali
1551 856 1741 908 collegio

105 921 327 973 Monachij
361 921 424 967 18,
456 932 509 960 ex
537 921 704 972 quibus
733 923 984 962 sacerdotes
1013 925 1120 963 sunt
1161 924 1369 974 quatuor,
1413 922 1574 973 reliqui
1620 933 1742 973 prae-

104 989 317 1038 ceptores,
349 986 557 1034 studiosi,
589 988 884 1028 coadiutores.
919 988 1103 1028 Fuimus
1141 988 1321 1040 quidem
1365 988 1499 1039 paulo
1543 990 1646 1027 ante
1678 988 1742 1028 ui-

103 1052 232 1104 ginti,
255 1052 331 1092 sed
362 1054 411 1092 ut
440 1052 543 1092 aliis
563 1064 691 1103 opem
714 1053 942 1101 ferremus,
966 1065 1107 1093 unum
1128 1053 1403 1093 sacerdotem
1429 1053 1741 1105 ablegauimus

104 1116 420 1168 Oenipontum,
452 1117 529 1169 qui
560 1117 725 1157 ibidem
756 1119 1084 1169 suppellectilia
1114 1119 1264 1158 futuro
1294 1118 1483 1169 collegio
1515 1130 1741 1170 perneces-

104 1182 222 1222 saria
251 1185 497 1234 praeparet,
521 1182 796 1235 reliquisque
826 1184 888 1223 ita
918 1184 1206 1226 incumberet.
1232 1186 1275 1223 vt
1306 1184 1508 1235 proximo
1530 1195 1633 1223 uere
1655 1184 1739 1223 fra-

103 1250 192 1288 tres
220 1248 416 1296 uenturi,
447 1248 762 1288 commoditate
791 1251 1019 1300 expectata
1062 1261 1151 1289 non
1186 1249 1519 1289 defraudentur.
1554 1249 1740 1289 Faciunt

103 1325 258 1353 omnes
300 1314 500 1365 quotidie
542 1314 589 1353 in
633 1326 716 1354 sua
746 1315 980 1354 uocatione
1012 1327 1198 1366 magnos
1228 1327 1514 1366 progressus,
1547 1316 1741 1366 suntque

103 1378 389 1430 perfectionis
419 1379 716 1431 acquirendae
746 1380 1092 1422 studiosissimi:
1126 1380 1282 1431 poenis
1301 1382 1397 1420 tum
1419 1380 1622 1431 priuatis,
1645 1382 1740 1420 tum

102 1444 297 1495 publicis
318 1444 607 1495 quotidianos
627 1445 849 1496 extirpant
872 1445 1094 1493 defectus;
1119 1445 1344 1485 uilissima
1363 1457 1566 1496 quaeque
1588 1445 1634 1485 in
1655 1445 1742 1485 col-

102 1508 219 1559 legio
250 1509 421 1556 munia,
445 1510 625 1560 propria
645 1510 766 1550 ducti
788 1512 961 1560 sponte,
980 1510 1185 1550 alacriter
1204 1511 1394 1557 obeunt,
1419 1510 1531 1550 alter
1550 1510 1738 1550 alterum

102 1574 334 1614 charitatis
363 1577 406 1614 et
435 1576 759 1615 sanctimoniae
789 1576 862 1627 pia
892 1576 1177 1615 contentione
1197 1577 1474 1615 anteuertere
1504 1576 1734 1623 nituntur3

102 1651 191 1691 quo
221 1651 328 1680 sane
358 1641 420 1688 fit,
453 1643 502 1680 ut
531 1641 937 1692 impresentiarum,
970 1641 1061 1681 Deo
1105 1642 1216 1681 hene
1259 1641 1468 1692 propitio,
1500 1641 1740 1692 collegium

102 1705 186 1745 hoc
215 1705 335 1745 dulci
365 1706 527 1758 quiete,
560 1706 824 1758 internaque
867 1718 973 1757 pace
1008 1707 1194 1746 fruatur.
1229 1706 1297 1746 Ad
1327 1718 1461 1758 quam
1504 1706 1638 1746 etiam
1669 1718 1738 1746 ac-

100 1771 381 1822 quirendam,
414 1772 535 1812 haud
566 1784 722 1823 parum
748 1772 999 1812 excitantur
1028 1772 1167 1811 animi
1200 1772 1387 1811 fratrum
1418 1771 1638 1823 frequenti
1669 1784 1740 1812 ex-

100 1836 354 1877 hortatione
383 1839 426 1877 et
454 1837 693 1889 colloquijs
722 1837 1051 1888 spiritualibus,
1083 1849 1196 1889 quae
1240 1838 1355 1877 inter
1393 1849 1504 1885 sese,
1536 1849 1589 1877 ex
1618 1848 1740 1876 more

100 1901 323 1949 instituto,
347 1903 633 1943 commiscere
653 1903 813 1951 solent,
837 1915 952 1953 quae
982 1902 1099 1943 ΒΑΜ
1121 1914 1298 1954 quoque
1329 1903 1376 1942 P.
1401 1903 1562 1942 Rector
1591 1905 1620 1949 1,
1644 1902 1739 1942 suis

100 1967 488 2009 exhortationibus
519 1968 669 2008 fouere
698 1980 790 2008 non
819 1970 976 2008 cessat.
1010 1968 1219 2008 Proximo
1263 1968 1430 2008 iubileo
1459 1969 1474 1992 2
1504 1968 1589 2008 sub
1628 1968 1739 2008 festa

100 2035 306 2075 natalitia
336 2034 392 2073 ad
422 2046 505 2073 nos
536 2034 688 2079 misso,
720 2045 876 2074 omnes
919 2034 1073 2073 Patres
1103 2046 1153 2073 ac
1184 2034 1356 2081 fratres,
1388 2033 1648 2084 praemissis
1686 2045 1740 2073 ex

101 2112 222 2140 more
251 2098 487 2140 Societatis
516 2099 877 2139 confessionibus
906 2099 1205 2150 generalibus,
1230 2110 1419 2149 quarum
1450 2110 1542 2138 non
1572 2110 1739 2149 paucae

101 2165 239 2205 totius
268 2165 402 2205 etiam
433 2164 549 2204 vitae
579 2164 759 2204 fuerunt
789 2164 1033 2216 generales,
1058 2176 1221 2215 magna
1241 2176 1338 2204 cun]
1367 2163 1619 2203 animorum
1650 2164 1739 2203 ala-

99 2231 254 2271 critate
284 2233 327 2270 et
356 2230 543 2281 spiritus
572 2230 760 2279 feruore,
784 2242 867 2270 sua
896 2232 1171 2270 renouarunt
1191 2237 1207 2255 a
1240 2232 1359 2277 uota,
1393 2231 1439 2269 ut
1469 2241 1589 2269 nouo
1632 2241 1740 2280 quo-

100 2296 202 2336 dam
232 2298 274 2336 et
303 2295 578 2346 diligentiori
609 2295 759 2335 studio
789 2307 886 2343 suo,
919 2295 1124 2347 quisque,
1158 2297 1248 2334 tam
1283 2294 1402 2334 domi
1447 2306 1581 2345 quam
1612 2294 1735 2342 foris,

100 2361 227 2413 fungi
257 2361 417 2400 deinde
448 2360 576 2400 uisus
618 2360 675 2400 sit
718 2360 875 2401 officio.
907 2360 1127 2400 Exercitia
1155 2360 1423 2400 scholastica
1461 2359 1582 2399 domi
1612 2359 1738 2399 insti-

99 2428 289 2466 tuuntur
317 2425 544 2465 ordinarie
572 2425 619 2465 in
649 2426 1049 2477 disputationibus,
1077 2425 1478 2465 declamationibus
1509 2426 1551 2464 et
1582 2424 1738 2475 repeti-

100 2491 314 2531 tionibus.
349 2491 640 2531 Reuerendus
669 2493 822 2531 noster
850 2492 898 2533 P.
929 2492 1103 2539 Rector,
1127 2491 1435 2542 superioribus
1456 2489 1735 2541 septimanis,

100 2556 348 2609 Augustam
395 2569 420 2596 a
460 2557 508 2596 P.
544 2556 817 2609 Prouincialj
849 2558 862 2581 ³
895 2559 1095 2597 uocatus
1129 2557 1358 2596 solennem
1402 2555 1529 2595 illhic
1572 2554 1738 2595 aedidit

162 2754 180 2773 a
201 2755 382 2779 renOUaI'e
406 2755 477 2779 ms.

162 2919 174 2937 1
197 2918 234 2951 P.
259 2918 513 2951 Theodoricus
538 2917 727 2951 Canisius.

161 2974 174 2992 ²
196 2972 405 3005 Iubilaeum
428 2981 493 3013 pro
517 2972 615 3004 felici
643 2972 747 3004 exitu
771 2972 920 3005 concilii
944 2971 1152 3011 tridentini,
1178 2971 1222 3003 de
1238 2980 1311 3012 quo
1328 2970 1458 3002 auctor
1473 2969 1609 3002 iterum
1625 2969 1736 3011 paulo

99 3027 184 3067 post
206 3025 385 3068 loquitur.

163 3081 175 3098 ²³
197 3079 235 3112 P.
259 3079 391 3112 Petrus
415 3079 603 3113 Canisius.
