2028 3531
358 296 429 332 486
830 296 1035 333 erTERAE
1062 296 1406 340 QUADRIMESTRES

309 426 459 454 sacrae
505 414 781 453 obedientiae
830 413 1144 464 praescriptum
1195 413 1379 461 vrgeret.
1415 411 1653 462 Cupiebam
1684 413 1802 452 enim
1832 425 1928 452 eam

309 479 535 519 certiorem
568 479 746 518 reddere
775 479 827 517 de
858 478 913 529 ijS
941 478 1164 523 omnibus,
1196 488 1308 527 quae
1355 478 1451 515 acta
1489 479 1635 516 essent
1665 477 1711 516 in
1740 478 1928 517 concilio

310 544 394 584 hoc
423 544 558 595 (quod
588 543 811 582 nationale
845 543 1024 594 quidam
1057 544 1232 590 uocant)
1265 542 1293 587 1,
1325 542 1368 580 et
1388 540 1434 580 in
1454 541 1676 581 secretiori
1699 542 1815 593 regis
1830 554 1928 582 con-

309 609 427 653 silio,
459 620 630 648 necnon
660 610 702 647 et
731 607 776 647 in
806 609 962 646 senatu
994 606 1226 657 parisiensi
1256 605 1371 644 circa
1401 605 1632 646 Societatis
1661 609 1837 646 nostrae
1856 607 1930 646 ad-

311 673 590 719 missionem,
622 672 697 711 sed
727 672 936 723 quoniam
969 671 1139 710 tardius
1169 670 1275 709 haec
1321 669 1472 709 omnia
1519 672 1746 721 geruntur,
1795 683 1928 722 quam

309 750 451 779 essem
498 738 752 784 arbitratus,
806 736 1091 787 paucioribus
1138 746 1256 774 nunc
1304 746 1501 786 agemuS,
1552 735 1721 787 reliqua
1768 736 1929 776 dicturi

309 803 523 854 proximis
552 801 705 842 literis.

389 868 427 907 022.
460 867 604 918 Atque
652 866 734 905 hoc
782 866 827 904 in
876 865 1030 916 primis
1072 876 1161 903 non
1193 864 1629 914 praetermittendum
1661 866 1780 915 puto,
1812 865 1930 916 quod

310 932 564 972 institutum
593 931 761 970 scilicet
790 932 989 969 nostrum
1020 940 1297 979 summopere
1345 928 1435 967 Deo
1482 927 1580 979 Opt.
1618 929 1808 968 Maximo
1839 929 1930 980 pla-

309 999 418 1045 ceat,
449 996 657 1048 quoniam
690 996 875 1035 daemon
907 994 1114 1034 omnibus
1161 993 1325 1044 quibus
1374 995 1515 1044 potest
1562 994 1720 1041 modis,
1764 994 1930 1034 efficere

309 1063 496 1101 conatur
524 1072 578 1100 ne
608 1060 690 1099 hoc
721 1059 766 1098 in
795 1071 945 1110 regno,
978 1059 1023 1097 in
1053 1070 1140 1109 quo
1169 1059 1235 1097 est
1262 1069 1421 1108 magna
1443 1057 1601 1097 messis
1621 1060 1662 1097 et
1682 1058 1811 1108 pauci
1832 1070 1931 1109 ope-

310 1126 412 1177 rarij
436 1127 451 1149 2
474 1125 618 1176 (pauci
639 1124 757 1164 enim
778 1125 883 1163 sunt
902 1123 978 1174 qui
999 1124 1213 1174 quaerant
1234 1134 1299 1169 ea,
1331 1133 1444 1173 quae
1465 1124 1570 1162 sunt
1587 1123 1692 1162 Jesu
1714 1122 1893 1174 Christi)
1916 1124 1930 1146 ³

310 1190 480 1230 radices
509 1190 627 1241 figat.
660 1188 833 1239 Optime
862 1188 995 1234 Deus,
1027 1189 1133 1238 quot
1181 1187 1314 1226 habet
1360 1186 1432 1226 hic
1479 1187 1701 1226 humanae
1747 1189 1931 1227 naturae

310 1254 520 1294 inimicus
548 1252 776 1300 satellites,
808 1252 884 1302 qui
914 1252 1011 1291 eius
1040 1263 1224 1302 regnum
1273 1250 1459 1290 dilatare
1505 1252 1743 1302 satagunt?
1790 1251 1931 1301 Quam

311 1330 414 1358 vero
444 1329 608 1369 paucos
637 1316 854 1363 Christus,
886 1315 962 1367 qui
992 1316 1088 1355 eius
1117 1314 1411 1354 dominationi
1441 1316 1638 1363 subesse,
1661 1317 1703 1354 et
1722 1315 1931 1355 ecclesiae

310 1382 553 1423 catholicae
582 1381 759 1421 obedire
793 1381 962 1420 uelint?
992 1380 1075 1430 Qui
1106 1382 1211 1419 sunt
1230 1392 1281 1419 ex
1302 1380 1408 1427 Deo,
1431 1379 1561 1419 nobis
1581 1380 1734 1431 utique
1754 1380 1928 1428 fauent3

311 1448 388 1498 qui
418 1449 522 1487 sunt
551 1458 603 1486 ex
632 1448 753 1497 parte
784 1446 906 1485 illius
936 1445 1183 1484 homicidae
1212 1445 1288 1496 qui
1318 1445 1374 1484 ab
1404 1444 1532 1484 initio
1580 1447 1743 1496 peccat,
1779 1445 1932 1485 aduer-

311 1514 481 1552 santur.
513 1511 597 1561 Qui
627 1510 821 1550 instituti
852 1510 991 1549 nostri
1022 1509 1217 1549 rationes
1246 1511 1425 1557 norunt,
1458 1521 1561 1560 prae
1603 1509 1766 1560 gaudio
1812 1510 1932 1549 exul-

311 1579 421 1624 tant,
452 1576 570 1627 quod
600 1575 721 1615 hisce
750 1574 1024 1625 temporibus
1045 1573 1247 1613 Christus
1268 1573 1486 1613 Dominus
1506 1576 1656 1613 noster
1671 1573 1931 1613 Societatem

310 1642 426 1681 hanc
455 1641 502 1680 in
531 1641 673 1680 lucem
703 1639 916 1686 eduxerit,
948 1639 1076 1678 cuius
1105 1638 1353 1678 ministerio
1382 1639 1590 1678 subortae
1610 1639 1815 1678 tenebrae
1835 1639 1932 1678 luce

312 1705 656 1758 perfundantur;
689 1705 718 1756 ij
751 1716 853 1744 vero
900 1716 1089 1754 quorum
1137 1704 1340 1743 infinitus
1370 1705 1435 1743 est
1482 1714 1694 1743 numerus
1723 1706 1753 1751 4,
1784 1705 1827 1743 et
1855 1704 1931 1755 qui

309 1771 505 1822 diligunt
542 1769 684 1821 magis
730 1769 934 1808 tenebras
980 1780 1112 1819 quam
1143 1768 1300 1816 lucem,
1332 1770 1381 1807 ut
1409 1780 1499 1807 non
1528 1770 1773 1819 arguantur
1800 1779 1932 1819 opera

310 1848 461 1876 eorum
493 1836 522 1883 ⁵,
554 1835 762 1874 omnibus
792 1833 957 1881 neruis,
989 1835 1031 1872 et
1061 1833 1283 1879 manibus,
1319 1835 1368 1873 ut
1396 1833 1538 1881 aiunt,
1571 1832 1844 1884 pedibusque
1864 1844 1933 1873 co-

311 1902 490 1948 nantur,
522 1911 576 1939 ne
604 1899 711 1950 quid
740 1898 947 1938 Societati
976 1906 995 1924 a
1026 1900 1200 1937 nostrae
1229 1898 1451 1937 deferatur
1497 1897 1695 1945 honoris,
1744 1909 1856 1937 neue
1885 1897 1931 1937 in

311 1978 448 2017 regno
477 1966 560 2004 hoc
590 1964 840 2015 recipiatur.
874 1963 958 2013 Qui
987 1963 1239 2003 claudicant
1268 1963 1315 2002 in
1344 1964 1443 2010 fide,
1475 1963 1564 2002 imo
1593 1974 1699 2002 uero
1728 1963 1804 2014 qui
1842 1974 1933 2002 non

310 2030 535 2081 ecclipsim
567 2029 712 2076 modo,
744 2040 899 2068 uerum
946 2028 1198 2067 caecitatem
1248 2028 1491 2078 patiuntur,
1541 2028 1932 2079 antropofagorum

312 2107 433 2135 more
462 2107 543 2134 nos
573 2094 727 2133 libenti
749 2093 898 2132 animo
920 2105 1009 2132 non
1030 2093 1173 2132 solum
1194 2093 1472 2140 deuorarent,
1495 2093 1569 2132 sed
1592 2094 1633 2131 et
1649 2092 1929 2143 deglutirent.

311 2160 490 2200 Scribae
520 2171 624 2199 uero
654 2161 696 2198 et
727 2158 947 2209 pharisaei
979 2158 1069 2209 (qui
1100 2160 1142 2197 et
1171 2158 1421 2198 sanctitatis
1450 2160 1492 2197 et
1520 2157 1731 2197 scientiae
1759 2168 1806 2196 se
1834 2169 1934 2196 nor-

313 2237 430 2264 mam
461 2236 563 2275 prae
591 2223 801 2263 omnibus
830 2222 848 2248 ¹>
879 2223 1040 2262 habere
1069 2222 1356 2273 contendunt)
1406 2234 1495 2261 non
1530 2222 1691 2261 minori
1721 2233 1802 2261 nos
1830 2221 1933 2261 odio

313 2290 657 2341 prosequuntur,
688 2287 954 2327 arbitrantes
983 2299 1008 2325 a
1038 2287 1168 2326 nobis
1197 2289 1340 2326 status
1369 2287 1439 2327 sui
1460 2287 1649 2338 pendere
1670 2286 1929 2337 periculum.

311 2354 397 2394 Sed
427 2354 528 2393 licet
556 2353 603 2392 in
632 2352 850 2392 cubiculis
878 2352 1227 2397 obmurmurent,
1259 2363 1432 2391 necnon
1461 2352 1507 2391 in
1537 2351 1827 2391 concionibus
1855 2362 1933 2401 pu·

313 2418 443 2458 blicis
471 2428 806 2468 nonnumquam
836 2416 1005 2467 aliquid
1034 2419 1257 2464 euomant,
1289 2429 1388 2456 cum
1418 2419 1565 2457 tamen
1603 2416 1811 2456 maiorem
1843 2427 1934 2455 car-

312 2483 533 2523 dinalium
562 2484 745 2534 partem,
778 2481 992 2532 plurimos
1022 2481 1098 2532 qui
1129 2484 1233 2521 sunt
1261 2493 1313 2521 ex
1342 2481 1566 2521 secretiori
1591 2481 1779 2521 consilio
1799 2480 1930 2531 regis,

314 2548 512 2599 reginam
560 2548 758 2593 matrem,
807 2548 849 2585 et
895 2557 1125 2596 supremae
1171 2546 1318 2586 curiae
1360 2546 1603 2586 nonnullos
1632 2545 1855 2598 praesides
1883 2556 1934 2584 ac

376 2716 394 2735 a
413 2706 574 2739 Emend.
598 2715 645 2738 6oe
667 2705 876 2738 societatis.
901 2723 940 2727 —
963 2704 981 2731 b
1002 2704 1083 2737 Del.
1110 2714 1159 2737 se.

377 2856 389 2874 ¹
411 2854 617 2888 Concilium
640 2853 685 2886 ad
708 2852 837 2894 Poissy
861 2853 1136 2894 congregatum.

376 2910 390 2928 ⁹
412 2907 463 2940 Cf.
488 2907 643 2946 MA'r'rH„
668 2906 728 2945 IX,
753 2906 805 2939 37.

377 2963 391 2982 ³
412 2961 464 2994 Cf.
488 2960 640 2999 Pmmn,
664 2959 709 2998 II,
733 2960 784 2992 21.

375 3016 390 3034 ⁴
412 3014 464 3048 Cf.
488 3014 626 3052 Ecum„
651 3012 679 3052 Ι,
705 3013 754 3045 15.

376 3069 391 3088 ⁶
412 3067 464 3101 Cf.
488 3066 628 3107 IOANN„
653 3065 715 3106 III,
739 3066 790 3098 20.
