2028 3531
587 254 668 290 513.
696 253 988 290 —fMONAcmo
1017 254 1034 290 1
1062 254 1163 291 MA11
1192 256 1278 291 1561
1632 260 1701 296 0253

115 372 394 422 superiorum
424 372 481 411 ad
511 372 701 412 uirtutes
735 384 905 419 omnes,
938 372 1062 413 iuxta
1106 373 1301 414 instituti
1345 376 1487 415 nostri
1532 377 1748 417 rationem

114 436 378 484 exhortatio,
402 439 557 476 mutua
586 437 719 477 etiam
750 437 949 488 ipsorum
981 438 1034 477 de
1065 439 1198 478 rebus
1218 439 1532 490 spiritualibus
1552 442 1746 482 collatio.

114 501 183 540 Ad
213 502 333 541 hunc
362 502 508 553 ipsum
553 502 686 542 finem
731 503 1095 543 commodissima
1139 515 1312 555 semper
1342 505 1393 544 R.
1427 506 1572 545 Patris
1607 508 1748 546 nostri

113 569 292 606 sanctae
324 567 560 606 memoriae
590 567 844 618 spiritualia
874 568 952 607 illa
982 569 1191 608 exercitia
1234 569 1439 610 instituta
1470 573 1598 611 sunt:
1631 572 1749 612 unde

112 633 154 671 et
184 631 342 683 ideem
372 632 607 684 plerosque
636 644 791 672 omnes
820 635 922 673 ante
951 634 1201 684 generalem
1245 635 1570 676 confessionem
1600 636 1748 677 iuuari

111 697 384 738 curauimus.
418 698 512 738 Hoc
555 698 923 749 quadragesimae
967 701 1163 750 tempore
1197 702 1286 740 tres
1315 712 1369 740 ex
1399 702 1566 742 nostris
1595 703 1651 741 ad
1681 714 1748 742 sa-

110 773 233 802 crum
263 763 649 814 hypodiaconatus
678 763 878 803 ordinem
911 764 1118 815 promoti,
1152 765 1207 804 ad
1238 765 1429 806 maiores
1472 767 1586 806 alios
1621 768 1747 807 breui

111 827 404 877 promouendi
443 830 562 868 sunt.
595 828 777 868 Mirifice
821 829 936 868 inter
964 831 1135 869 caetera
1166 829 1255 871 Rdi.
1287 830 1427 881 patris
1456 831 1749 882 prouincialis

111 892 252 932 nostri
269 895 281 917 1
300 894 549 944 praesentia
571 893 617 932 in
638 894 831 933 Domino
852 905 935 934 nos
955 896 1021 934 est
1042 895 1287 943 consolata,
1310 895 1403 947 qui,
1421 896 1598 936 tametsi
1620 909 1748 948 prop-

110 960 176 998 ter
204 958 293 998 alia
313 959 491 1010 negotia
521 959 610 999 huc
639 959 851 1005 uenisset,
875 962 1088 999 euocatus
1108 960 1278 1000 scilicet
1297 962 1353 1001 ab
1374 961 1602 1003 illustriss,
1625 963 1747 1014 prin-

108 1024 220 1075 cipis
250 1026 388 1064 matre
417 1026 447 1072 2,
482 1037 560 1076 pro
589 1036 672 1064 sua
700 1027 850 1065 tamen
895 1025 1116 1077 singulari
1148 1026 1194 1065 in
1230 1038 1313 1066 nos
1342 1027 1573 1075 charitate,
1605 1029 1748 1068 neuti-

108 1102 243 1141 quam
286 1090 342 1130 ad
384 1090 688 1130 omnimodam
732 1102 816 1130 nos
855 1090 1170 1142 perfectionem
1213 1092 1420 1141 excitare,
1453 1095 1548 1133 tum
1591 1094 1745 1142 uerbo,

108 1157 202 1195 tum
246 1156 448 1207 exemplo
491 1168 572 1196 suo
615 1156 927 1206 praetermisit.
965 1156 1092 1196 Vnus
1134 1169 1187 1196 ex
1231 1157 1398 1197 nostris
1440 1159 1747 1199 sacerdotibus

108 1224 208 1272 post
254 1221 465 1262 lectiones
512 1224 555 1261 et
602 1222 916 1273 responsiones
964 1234 1071 1262 suas
1118 1235 1219 1262 cum
1267 1223 1399 1263 laude
1442 1226 1658 1275 peractas,
1699 1225 1746 1264 in

107 1287 450 1339 ingolstadiensi
481 1287 776 1327 uniuersitate
820 1287 1098 1328 baccalaurei
1142 1288 1394 1340 theologiae
1424 1289 1555 1329 titulo
1585 1292 1651 1330 est
1680 1290 1747 1329 in-

107 1352 316 1404 signitus.
349 1353 519 1393 Vnicus
547 1354 614 1393 est
643 1353 698 1392 ad
730 1352 1037 1404 probationem
1067 1353 1175 1393 dum
1205 1354 1380 1394 adesset
1399 1354 1473 1394 hic
1494 1355 1624 1394 Pater
1647 1367 1746 1407 pro-

107 1418 317 1458 uincialis
346 1419 586 1467 admissus,
618 1419 695 1458 sed
725 1419 924 1459 Viennae
955 1419 1229 1469 probandus.
1262 1419 1535 1460 Adolescens
1564 1423 1631 1461 est
1650 1421 1745 1472 spei

107 1485 265 1533 bonae,
297 1484 464 1536 ingeni]
498 1484 747 1535 mediocris,
779 1486 941 1524 natura
971 1484 1132 1532 facilis,
1164 1484 1346 1524 natione
1385 1497 1637 1536 germanus,
1670 1498 1746 1526 na-

107 1551 180 1590 tus
221 1550 277 1590 ad
319 1550 542 1601 pietatem.
587 1549 827 1601 Speramus
869 1549 1007 1589 huius
1050 1550 1252 1602 exemplo
1300 1552 1567 1602 prouocatos
1613 1551 1743 1600 alios,

106 1615 315 1666 quamuis
357 1617 536 1666 propter
577 1614 909 1666 persecutiones
952 1626 1043 1654 non
1086 1615 1217 1666 pauci
1261 1615 1478 1655 hactenus
1512 1628 1536 1655 a
1572 1616 1744 1656 meliori

107 1680 334 1732 proposito
365 1680 604 1720 uideantur
633 1680 864 1721 retardari.

185 1746 223 1787 ⁰2.
254 1745 339 1796 Qui
369 1746 489 1786 domi
511 1746 760 1786 rhetoricen
783 1746 989 1794 audiunt,
1013 1746 1215 1798 egregios
1245 1746 1292 1786 in
1321 1758 1373 1786 eo
1403 1747 1552 1787 studio
1575 1748 1745 1789 faciunt

106 1823 384 1864 progressus,
416 1814 458 1852 et
501 1814 595 1852 tum
639 1812 893 1863 repetendo,
926 1814 1022 1852 tum
1065 1813 1374 1863 componendo
1417 1813 1656 1865 diligenter
1698 1827 1744 1855 se

104 1878 321 1917 exercent.
354 1876 550 1917 Casuum
580 1877 879 1916 conscientiae
909 1877 1039 1917 lectio
1069 1877 1201 1917 iustis
1230 1877 1284 1917 de
1313 1878 1463 1918 causis
1483 1879 1537 1918 ad
1568 1881 1744 1931 tempus

105 1942 374 1991 intermissa,
407 1942 542 1994 paulo
571 1944 671 1993 post
701 1942 1052 1982 instaurabitur:
1084 1955 1189 1982 nam
1219 1955 1270 1983 ea
1305 1943 1353 1982 in
1373 1943 1614 1984 Germania
1643 1957 1743 1985 nos-

104 2010 172 2048 tra
214 2020 315 2048 cum
359 2008 516 2059 primis
557 2009 623 2047 est
673 2008 939 2055 necessaria,
979 2010 1156 2060 propter
1208 2021 1394 2049 casuum
1448 2009 1741 2050 incidentium

104 2075 199 2113 tum
229 2073 579 2120 multitudinem,
612 2075 706 2112 tum
735 2073 1087 2124 perplexitatem.
1121 2074 1308 2114 Publica
1350 2086 1482 2125 porro
1516 2075 1740 2124 exercitia,

103 2150 218 2190 quae
246 2139 293 2178 in
323 2138 490 2178 scholis
520 2139 757 2187 habentur,
790 2150 843 2178 ex
872 2139 1075 2189 catalogo
1096 2139 1354 2188 lectionum,
1377 2152 1509 2191 quem
1532 2152 1621 2180 una
1641 2152 1740 2180 cum

104 2204 203 2244 istis
233 2204 467 2251 mittimus,
499 2204 677 2255 plenius
706 2204 1006 2257 cognosce[re]
1038 2212 1056 2231 a
1091 2205 1243 2245 licebit
1272 2207 1301 2245 ³.
1334 2205 1448 2246 Sunt
1482 2208 1629 2246 autem
1664 2207 1741 2258 qui

104 2269 151 2309 in
181 2269 348 2309 scholis
377 2270 544 2309 nostris
572 2272 833 2310 exercentur
861 2270 999 2310 exteri
1030 2271 1133 2321 plus
1158 2270 1309 2311 minus
1337 2271 1431 2320 300,
1454 2271 1531 2323 qui
1561 2272 1740 2323 quidem

103 2334 151 2374 in
180 2346 257 2374 sex
285 2335 451 2374 classes
480 2334 725 2383 distributi,
757 2334 963 2387 singulos
1005 2335 1173 2375 habent
1202 2336 1249 2375 in
1283 2337 1505 2376 classibus
1548 2336 1742 2388 singulis

104 2401 422 2451 praeceptores.
448 2400 499 2439 In
534 2399 696 2451 pietate
734 2401 775 2440 et
814 2400 1017 2440 doctrina
1047 2400 1285 2452 diligenter
1314 2413 1470 2441 omnes
1498 2401 1742 2441 instituun—

103 2467 176 2505 tur
203 2464 222 2490 b
248 2467 291 2505 et
320 2465 580 2516 proficiunt;
627 2477 753 2505 sacro
798 2466 998 2517 quotidie
1042 2466 1280 2514 intersunt,
1313 2467 1597 2518 frequentant
1639 2479 1741 2506 con·

102 2530 358 2578 sessionem,
402 2531 611 2570 nonnulli
659 2531 795 2571 etiam
843 2543 1015 2571 sacram
1063 2532 1441 2579 communionem,
1491 2532 1740 2572 doctrinam

101 2596 393 2636 christianam
423 2596 493 2636 bis
522 2596 786 2647 septimanis
815 2596 1013 2648 singulis
1043 2597 1250 2645 audiunt,
1282 2609 1469 2649 eamque
1500 2598 1740 2638 memoriae

164 2752 183 2771 a
213 2744 453 2786 Consumpta
476 2744 631 2777 charta.
655 2763 695 2767 —
718 2744 738 2771 b
767 2745 1069 2778 institutuuntur
1100 2755 1172 2779 ms.

164 2894 174 2911 ¹
198 2892 236 2925 P.
261 2888 392 2925 Petrus
416 2892 604 2927 canisius

96 2944 101 2946 ’
162 2947 175 2965 ²
197 2946 340 2979 Alberti
362 2946 405 2987 V,
430 2946 612 2979 Bavariae
635 2947 754 2987 duciS‚
780 2948 899 2980 mater
920 2948 1000 2980 erat
1023 2947 1140 2980 Maria
1163 2947 1308 2988 Iamba,
1329 2947 1493 2989 Philippi
1510 2946 1738 2980 Marchionis

100 2998 277 3032 badensis
299 2999 388 3033 filia.

164 3054 177 3072 ³
199 3052 307 3086 Hunc
329 3053 540 3095 catalogum
563 3063 639 3087 non
666 3054 892 3094 invenimus,
931 3064 933 3067 ·
