2028 3531
297 268 365 303 750
814 268 1017 303 Li‘rTERAa
1056 266 1399 311 QUADRIMESTRES

298 388 443 425 mento
472 386 629 426 diebus
659 386 989 425 solennioribus
1017 396 1175 434 magna
1196 396 1294 423 cum
1317 384 1553 423 deuotione
1572 384 1911 424 communicent.

298 450 508 490 Nonnulli
542 452 764 501 praeterea
792 462 889 490 cum
923 450 1038 500 turpi
1063 450 1293 487 haereseos
1317 447 1580 499 contagione
1611 448 1768 488 imbuti
1798 448 1914 499 apud

296 527 402 554 suos
434 517 733 565 praeceptores
762 515 1010 554 adulterina
1041 513 1230 563 quadam
1265 512 1440 563 pietatis
1477 512 1684 564 imagine,
1715 513 1916 564 aliquan·

296 580 372 619 diu
402 579 672 618 orthodoxae
716 579 814 618 tidei
861 579 1133 629 religionem.
1167 577 1315 616 nescio
1349 589 1437 628 quo
1466 579 1580 624 astu,
1612 577 1913 626 simulassent,

295 656 476 684 suorum
508 644 819 695 magistrorum
850 656 980 694 opera
1011 643 1063 681 ad
1099 642 1321 681 meliorem
1355 643 1542 681 mentem
1568 642 1787 690 conuersi,
1810 653 1916 682 suos

296 710 426 761 plane
455 709 717 748 abiurarunt
746 720 928 755 errores,
960 710 1092 758 atque
1122 707 1175 746 ad
1206 718 1378 746 sacrum
1402 706 1556 746 matris
1577 706 1795 746 Ecclesiae
1823 718 1916 758 gre·

300 774 450 821 mium,
495 774 656 813 obnixe
699 786 723 812 a
768 773 932 812 nostris
975 775 1172 823 petentes
1215 771 1557 818 absolutionem,
1589 771 1807 822 intrepide
1850 783 1915 811 re-

295 839 486 879 dierunt.

374 906 412 944 5.
443 904 539 943 Jam
570 904 623 943 ad
655 906 1030 943 sacramentorum
1061 905 1191 953 atque
1221 901 1330 941 adeo
1359 902 1414 940 ad
1445 902 1570 941 uerbi
1614 901 1757 941 diuini
1788 901 1916 941 mini—

295 969 478 1008 sterium
510 970 660 1007 nostra
690 980 735 1007 se
766 969 1001 1007 transferat
1031 968 1185 1006 oratio.
1219 966 1315 1005 Non
1346 966 1444 1014 fuit,
1477 966 1630 1014 fateor,
1654 966 1724 1005 his
1753 968 1916 1017 tempo-

295 1033 434 1081 ribus,
466 1033 627 1084 partim
672 1034 846 1083 propter
890 1035 1051 1083 pestem
1100 1032 1243 1079 (cuius
1287 1030 1428 1081 gratia
1466 1031 1682 1070 hactenus
1710 1031 1916 1070 solennes

295 1100 397 1138 sunt
442 1098 580 1137 factae
624 1098 856 1146 laetaniae,
888 1100 928 1137 et
958 1097 1155 1148 quotidie
1199 1096 1465 1135 sacrificium
1510 1095 1671 1135 missae
1699 1095 1913 1145 oblatum)

295 1162 367 1202 hic
395 1170 414 1188 a
468 1162 706 1213 pernitiose
736 1164 980 1213 grassante,
1031 1161 1189 1211 partini
1243 1162 1421 1211 propter
1450 1160 1728 1211 imperatoris
1770 1162 1812 1199 et
1854 1172 1916 1200 re-

295 1227 363 1278 gis
393 1227 683 1266 Maximiliani
714 1226 974 1269 discessum,
1006 1226 1044 1264 is
1073 1225 1377 1264 confitentium
1408 1226 1539 1275 atque
1559 1224 1831 1264 dominicum
1856 1224 1916 1263 al-

294 1294 387 1332 tare
416 1291 792 1343 frequentantium
835 1303 1062 1337 numerus,
1093 1291 1169 1341 qui
1215 1290 1394 1329 Patrum
1438 1291 1689 1328 nostrorum
1720 1290 1917 1340 expecta-

294 1357 405 1396 tioni
436 1357 595 1396 faceret
624 1356 760 1399 satis:
784 1356 893 1395 adeo
923 1358 1070 1395 tamen
1091 1367 1179 1393 non
1210 1356 1274 1394 est
1304 1354 1387 1394 hac
1416 1354 1462 1393 in
1486 1366 1529 1393 re
1551 1353 1732 1393 remisse
1752 1355 1913 1400 actum,

294 1424 343 1461 ut
371 1421 619 1461 sacerdotes
648 1421 788 1460 nostri
819 1420 889 1460 his
921 1421 1049 1460 rebus
1080 1421 1253 1459 tantum
1284 1430 1466 1458 uacasse
1495 1418 1821 1469 quodammodo
1851 1418 1917 1458 ui-

295 1487 495 1526 deantur.
528 1486 743 1525 Nonnulli
773 1485 892 1524 enim
922 1485 1153 1535 utriusque
1183 1496 1315 1523 sexus
1357 1484 1562 1523 homines
1595 1485 1821 1523 anteactae
1848 1484 1915 1522 to-

294 1551 385 1591 tius
414 1551 532 1591 uitae
562 1550 749 1590 crimina
781 1550 969 1589 maxima
999 1562 1098 1589 cum
1129 1549 1393 1589 contritione
1414 1551 1453 1588 et
1481 1548 1619 1588 animi
1649 1547 1916 1587 demissione

294 1616 459 1656 nostris
488 1616 701 1656 detexere.
732 1615 819 1654 Nec
861 1615 1095 1654 defuerunt
1124 1615 1351 1668 hactenus,
1383 1614 1459 1664 qui
1490 1613 1712 1653 dominico
1741 1624 1916 1664 quoque

294 1681 365 1720 die
398 1680 768 1731 augustissimum
799 1678 985 1719 bsacrae
1028 1690 1246 1730 synaxeos
1288 1680 1613 1717 sacramentum
1656 1679 1913 1728 repeterent.

295 1745 481 1786 Plurimi
511 1745 586 1796 qui
617 1745 752 1784 semel
781 1745 998 1784 duntaxat
1035 1745 1109 1783 aut
1155 1744 1313 1783 iterum
1351 1743 1551 1794 quolibet
1593 1754 1711 1782 anno
1740 1742 1916 1782 confite-

294 1812 470 1859 bantur,
503 1810 845 1850 saluberrimum
887 1809 999 1848 illud
1042 1809 1257 1848 aduersus
1286 1820 1416 1847 omne
1445 1807 1655 1847 uitiorum
1695 1819 1915 1847 uenenum

294 1876 431 1916 animi
453 1876 856 1926 alexipharmacum
879 1874 1217 1924 frequentarent.
1238 1873 1303 1912 Ad
1327 1874 1433 1912 baec
1455 1872 1597 1912 vocati
1618 1873 1724 1912 sunt
1740 1872 1915 1912 interim

294 1940 433 1980 nostri
464 1941 616 1980 Patres
659 1939 713 1979 ad
756 1938 1037 1989 excipiendas
1084 1938 1385 1977 confessiones
1431 1937 1599 1977 ciuium
1636 1937 1914 1988 quorundam

294 2008 415 2057 peste
445 2005 759 2051 laborantium,
791 2016 903 2055 quos
932 2015 1094 2054 magna
1122 2015 1222 2042 cum
1243 2003 1432 2042 aliorum
1455 2002 1760 2042 aedificatione
1789 2001 1916 2041 iuua-

296 2073 410 2111 runt.
436 2071 542 2110 Tres
571 2082 622 2110 ex
654 2070 817 2109 nostris
837 2069 1169 2109 concionatores
1191 2068 1387 2116 germani
1410 2069 1548 2107 statas
1569 2068 1734 2106 habent
1758 2067 1916 2106 diebus

295 2136 419 2175 festis
448 2138 579 2186 atque
609 2134 845 2174 dominicis
875 2133 1132 2179 conciones;
1161 2133 1249 2171 duo
1279 2133 1325 2171 in
1356 2134 1507 2172 nostra
1528 2131 1727 2178 ecclesia,
1759 2131 1916 2170 tertius

295 2201 338 2240 in
370 2200 646 2240 xenodochio
675 2199 856 2239 ciuium.
890 2198 974 2247 Qui
1004 2209 1158 2236 omnes
1197 2209 1379 2237 suorum
1422 2197 1624 2236 laborum
1668 2196 1915 2236 uberrimos

295 2265 464 2305 fructus
493 2276 593 2304 cum
623 2264 823 2303 omnium
853 2265 1105 2302 nostrorum
1146 2274 1304 2313 magna
1348 2261 1652 2301 consolatione
1694 2262 1915 2311 reportare

294 2331 451 2370 solent.
485 2331 686 2369 Matrona
714 2329 945 2380 quaedam,
978 2339 1066 2366 non
1111 2328 1252 2366 infimi
1287 2327 1404 2378 apud
1436 2327 1699 2366 viennenses
1727 2325 1912 2372 ordinis,

294 2407 394 2435 cum
438 2394 591 2434 multis
640 2394 727 2433 iam
757 2393 914 2432 diebus
943 2404 967 2431 a
998 2392 1183 2431 demone
1228 2393 1475 2440 uexaretur,
1521 2390 1582 2430 ita
1628 2392 1676 2430 ut
1713 2390 1809 2429 eius
1851 2389 1915 2428 in-

294 2460 458 2499 stinctu
488 2461 615 2499 nocte
644 2459 835 2510 quadam
865 2458 1126 2507 intempesta
1159 2457 1376 2496 uiolentas
1398 2456 1485 2495 iam
1515 2456 1602 2495 iam
1632 2467 1713 2495 suo
1742 2453 1914 2505 corpori

296 2536 454 2564 manus
483 2524 644 2564 inferre
673 2522 978 2563 crudelissime
1017 2524 1264 2572 appararet,
1296 2521 1374 2560 illa
1417 2522 1608 2572 repente,
1640 2519 1795 2559 diuina
1823 2518 1915 2569 opi-

294 2589 465 2629 tulante
494 2589 649 2640 gratia,
682 2588 728 2627 in
758 2599 804 2627 se
833 2586 1040 2626 nonnihil
1062 2598 1253 2633 reuersa,
1277 2585 1405 2637 quasi
1429 2597 1593 2625 memor
1612 2596 1779 2631 eorum,
1802 2594 1914 2634 quac

294 2666 372 2705 pro
415 2654 621 2693 contione
650 2665 674 2692 a
704 2652 868 2692 nostris
915 2651 1156 2702 aliquando
1205 2653 1455 2701 perceperat
1489 2658 1519 2698 0,
1567 2650 1614 2689 in
1656 2647 1913 2689 huiusmodi

296 2719 430 2758 uerba
451 2718 707 2769 prorupisse
728 2717 886 2757 fertur:
912 2716 1105 2763 Vtinam,
1129 2716 1293 2755 vtinam
1319 2717 1395 2755 aut
1415 2714 1713 2762 concionator,
1736 2715 1813 2753 aut
1832 2712 1914 2752 ali-

294 2784 395 2835 quis
416 2784 601 2823 fratrum
622 2781 853 2822 Societatis
875 2781 975 2820 IHV
1005 2780 1077 2819 hic
1099 2780 1209 2819 mihi
1230 2780 1425 2819 adesset!
1458 2779 1543 2819 Sed
1562 2791 1661 2818 cum
1683 2778 1727 2818 id
1748 2777 1914 2817 videret

294 2860 383 2887 non
415 2860 542 2899 posse
572 2848 680 2895 fieri,
712 2846 858 2886 orauit
887 2845 1126 2885 Dominum
1158 2845 1278 2891 IHM,
1311 2847 1358 2884 ut
1387 2845 1511 2884 illam
1554 2844 1709 2883 saltem
1740 2844 1911 2882 noctem

355 3050 373 3069 ἢ
391 3041 430 3073 hi
462 3051 530 3074 ms.
570 3060 609 3063 ——
633 3041 650 3067 b
671 3040 971 3082 augistissimum
994 3048 1064 3072 ms.
1089 3058 1128 3062 -
1152 3049 1167 3067 υ
1209 3040 1444 3081 percaeperat
1468 3047 1539 3071 ms,
