2028 3531
347 290 417 326 538
819 287 1022 328 Li‘rrnnn:
1057 291 1401 336 QUAnfflMsssTnsss

301 409 524 448 discamus
553 409 697 448 adhue
719 408 763 447 in
785 409 894 457 (lies,
917 422 1048 461 quam
1074 410 1137 448 illi
1159 409 1267 448 citra
1297 407 1643 447 controuersiam
1674 408 1752 447 toti
1776 408 1914 447 nostri

301 475 405 522 sint,
437 475 602 525 quibus
646 474 757 513 nihil
801 475 974 525 gratius
1017 475 1211 514 accidere
1258 475 1412 524 potest,
1443 485 1575 524 quam
1619 473 1736 524 quod
1766 473 1916 524 aliqua

301 540 562 590 praebeatur
590 539 778 586 occasio,
811 551 898 590 qua
928 540 1126 579 animum
1156 551 1260 587 erga
1291 550 1371 579 nos
1400 549 1532 577 suum
1567 537 1789 577 declarare
1819 549 1916 588 pos-

299 603 402 643 sint.
438 603 554 643 Haeo
599 615 685 642 non
718 604 836 643 velut
865 604 1015 643 audita
1062 615 1309 650 narramus,
1355 602 1431 642 sed
1462 604 1698 652 comperta.
1734 601 1913 654 [Preces

298 669 496 719 postulat
527 670 566 708 et
595 668 840 720 valedicit]

407 732 611 772 Treueris
639 733 665 771 4
693 740 708 758 ²¹
740 732 1010 783 Septembris
1043 734 1155 772 1561.

408 798 457 838 R.
490 797 536 836 P.
570 797 618 836 T.
651 797 864 849 indignus
895 798 939 837 in
971 798 1146 837 Christo
1177 798 1310 837 filius.

1410 910 1625 949 Anfflnms
1655 909 1802 948 FABER
1833 910 1861 948 ¹.

406 1000 700 1039 Desideratus·
737 1001 984 1051 inscriptio.

1053 1234 1164 1284 576

665 1374 1023 1424 ΙΟΑΝΝΕΞ
1098 1374 1549 1424 BONlFAClO

674 1522 900 1548 METHYMNA
928 1523 1051 1547 ωΑΜΡι
1078 1512 1100 1547 5
1127 1521 1374 1547 SEPTEMBRIS
1404 1512 1488 1547 1561
1517 1512 1541 1547 2.

297 1646 334 1680 1.
364 1643 597 1692 Epistulae
626 1644 758 1682 ratio.
794 1643 1026 1682 Sociorum
1055 1656 1226 1682 census.
1264 1644 1592 1692 Occupationes.
1626 1642 1913 1681 Scholastico-

402 1720 507 1746 rum
535 1719 778 1746 concursus
808 1708 1012 1757 παρείην.
1046 1730 1095 1734 —-
1126 1712 1167 1746 2.
1201 1707 1417 1746 Caritatis
1446 1719 1592 1757 opera.
1624 1707 1798 1746 Fideles
1832 1708 1916 1756 fre-

403 1773 656 1822 quentiores
703 1773 759 1811 ad
806 1773 1090 1811 sacramenta
1133 1773 1355 1820 accedunt,
1385 1773 1652 1822 praesertim
1697 1772 1765 1810 die
1807 1772 1917 1821 festo

403 1838 738 1887 Assumptionis
766 1838 815 1875 Β.
849 1838 1025 1876 Mariae
1063 1838 1276 1888 Virginis.
1311 1860 1359 1864 —
1391 1841 1482 1876 3-4.
1514 1838 1564 1875 P.
1597 1838 1755 1876 Rector
1783 1837 1919 1875 etiam

403 1904 451 1941 in
483 1903 624 1941 medio
667 1904 762 1952 foro
805 1903 1105 1950 contionatur,
1138 1903 1213 1942 ubi
1241 1904 1280 1942 et
1310 1903 1558 1941 christiana
1587 1903 1797 1941 doctrina*
1819 1906 1918 1941 can-

406 1968 541 2006 tatur.
572 1990 622 1994 —
651 1971 692 2006 5.
723 1968 906 2006 Festum
936 1967 1078 2006 SSmi.
1116 1967 1324 2017 Corporis
1358 1967 1523 2006 Christi
1564 1967 1830 2005 sollemnitas
1858 1978 1919 2005 ce-

406 2032 618 2071 lebratur.
655 2055 704 2058 —
747 2036 790 2071 6.
824 2032 1057 2071 Sociorum
1102 2033 1306 2071 valetudo
1350 2034 1494 2071 varia.
1541 2054 1591 2058 —
1631 2035 1671 2070 7.
1714 2032 1919 2071 Penuria

404 2097 648 2136 sublevata.
682 2119 731 2123 —
761 2101 802 2135 8.
833 2097 970 2135 Aedes
1000 2098 1351 2147 amplificantur.

380 2232 415 2271 1.
447 2232 476 2281 η’·
506 2231 580 2270 Ihs
611 2230 705 2272 R.de
740 2231 976 2282 plurimum
1009 2231 1055 2270 in
1086 2231 1163 2270 X.0
1195 2232 1285 2270 Pax
1315 2231 1416 2282 Xpi.
1453 2233 1531 2271 etc.
1565 2230 1817 2282 [Epistulae
1845 2244 1917 2270 ra-

301 2295 397 2348 tiol.
446 2295 591 2335 Huius
634 2296 807 2347 eollegij
854 2297 1023 2335 incolae
1066 2296 1319 2347 quindecim
1364 2299 1681 2351 numerantur,
1722 2295 1918 2346 quinque

299 2361 561 2408 sacerdotes,
595 2361 752 2411 reliqui
786 2373 888 2400 uero
921 2373 1007 2400 non
1037 2362 1310 2408 saoerdotes3
1357 2361 1432 2412 qui
1477 2372 1631 2400 omnes
1674 2361 1719 2399 in
1758 2360 1918 2410 spiritu

299 2425 506 2476 proficere
535 2427 578 2465 et
602 2425 648 2466 in
671 2426 831 2465 virtute
856 2426 1055 2475 progredi
1077 2438 1183 2465 cura
1213 2438 1300 2464 non
1332 2426 1503 2465 modica
1533 2427 1765 2476 satagunt3
1799 2436 1918 2475 prae-

298 2490 426 2541 cipue
464 2493 611 2530 tamen
649 2490 763 2530 cirea
802 2490 1096 2529 obedientiam
1130 2493 1172 2529 et
1201 2491 1460 2537 orationem,
1501 2502 1632 2541 quam
1668 2489 1919 2540 sibirSupe-

299 2555 389 2594 rior
418 2555 690 2606 praeseribit,
722 2556 927 2594 strenuos
956 2557 998 2594 et
1027 2555 1224 2594 solicitos
1254 2567 1299 2594 se
1320 2556 1544 2606 praebent.
1568 2554 1663 2594 Non
1692 2554 1835 2593 minor
1853 2555 1919 2593 est

361 2722 379 2741 a
413 2715 433 2746 4
455 2723 581 2755 supra
605 2722 719 2750 ver-5„
745 2713 866 2746 deleto
889 2713 1004 2754 siquo
1029 2714 1097 2746 vel.
1123 2723 1158 2746 v.
1182 2714 1286 2755 quod
1309 2714 1386 2755 legi
1408 2714 1554 2755 nequit.

361 2852 367 2864 “
394 2850 549 2882 Flander
570 2850 779 2892 brugensis.
805 2849 980 2882 Societati
1004 2850 1190 2891 ascriptus
1214 2850 1252 2882 in
1276 2849 1415 2889 Sicilia,
1441 2850 1504 2882 ubi
1529 2859 1592 2891 per
1628 2859 1746 2881 annos
1775 2849 1918 2890 aliquot

298 2903 394 2935 vixit
416 2903 483 2943 (Cf.
509 2902 603 2935 Litt.
633 2902 837 2943 Quadrim.
863 2902 904 2941 V,
930 2903 1015 2943 645).
1042 2902 1129 2935 inde
1145 2912 1242 2934 anno
1261 2904 1351 2942 1560,
1367 2911 1490 2935 mense
1507 2902 1724 2943 Septembri,
1743 2902 1918 2934 Treveros

299 2956 436 2988 missus
460 2955 621 2996 (Lainii
639 2955 810 2987 Menum.
835 2955 877 2994 V,
895 2956 949 2987 371
970 2966 976 2993 ;
1002 2955 1125 2996 Epist.
1150 2956 1193 2988 P.
1220 2956 1367 2995 Nadal,
1387 2956 1430 2994 ΙΙ,
1454 2956 1526 2995 339,
1544 2957 1671 2987 annot.
1695 2956 1741 2995 3).
1760 2955 1918 2987 Exstant

298 3009 380 3040 eius
403 3018 581 3050 responsa
604 3008 650 3040 ad
674 3008 985 3049 interrogationes
1010 3008 1046 3040 P.
1072 3008 1187 3040 Nadal
1212 3009 1250 3040 in
1277 3009 1344 3041 vol.
1370 3008 1414 3047 ΙΙ,
1444 3010 1472 3040 1.

359 3064 371 3080 ‘³
392 3061 445 3093 Ex
467 3061 601 3103 origin.
628 3062 667 3094 in
690 3061 769 3094 cod.
795 3060 909 3102 Hisp.
934 3061 994 3097 98,
1020 3060 1055 3093 ff.
1080 3061 1152 3100 335,
1177 3062 1259 3101 336;
1284 3062 1389 3103 prius
1412 3062 1484 3094 310.
