<?xml version="1.0" encoding="UTF-8"?>
<!DOCTYPE html PUBLIC "-//W3C//DTD XHTML 1.0 Transitional//EN"
    "http://www.w3.org/TR/xhtml1/DTD/xhtml1-transitional.dtd">
<html xmlns="http://www.w3.org/1999/xhtml" xml:lang="en" lang="en">
 <head>
  <title>
</title>
<meta http-equiv="Content-Type" content="text/html;charset=utf-8" />
  <meta name='ocr-system' content='tesseract 3.04.00' />
  <meta name='ocr-capabilities' content='ocr_page ocr_carea ocr_par ocr_line ocrx_word'/>
</head>
<body>
  <div class='ocr_page' id='page_1' title='image "./litteraequadrime1907lain_0179.png"; bbox 0 0 2028 3531; ppageno 0'>
   <div class='ocr_carea' id='block_1_1' title="bbox 561 274 1693 310">
    <p class='ocr_par' dir='ltr' id='par_1_1' title="bbox 561 274 1693 310">
     <span class='ocr_line' id='line_1_1' title="bbox 561 274 1693 310; baseline 0 0"><span class='ocrx_word' id='word_1_1' title='bbox 561 275 641 310; x_wconf 73' lang='lat'>490.</span> <span class='ocrx_word' id='word_1_2' title='bbox 670 296 709 299; x_wconf 96' lang='lat'>—</span> <span class='ocrx_word' id='word_1_3' title='bbox 741 274 859 310; x_wconf 74' lang='lat' dir='ltr'>SENis</span> <span class='ocrx_word' id='word_1_4' title='bbox 884 274 907 309; x_wconf 82' lang='lat'>9</span> <span class='ocrx_word' id='word_1_5' title='bbox 934 274 1161 310; x_wconf 75' lang='lat' dir='ltr'>FEBRUARH</span> <span class='ocrx_word' id='word_1_6' title='bbox 1193 274 1279 309; x_wconf 75' lang='lat'>1561</span> <span class='ocrx_word' id='word_1_7' title='bbox 1627 275 1693 310; x_wconf 73' lang='lat'>153</span> 
     </span>
    </p>
   </div>
   <div class='ocr_carea' id='block_1_2' title="bbox 106 393 1749 2735">
    <p class='ocr_par' dir='ltr' id='par_1_2' title="bbox 106 393 1748 2200">
     <span class='ocr_line' id='line_1_2' title="bbox 108 393 1742 445; baseline -0.002 -11"><span class='ocrx_word' id='word_1_8' title='bbox 108 406 154 434; x_wconf 87' lang='lat' dir='ltr'>se</span> <span class='ocrx_word' id='word_1_9' title='bbox 182 394 270 434; x_wconf 87' lang='lat' dir='ltr'>cito</span> <span class='ocrx_word' id='word_1_10' title='bbox 301 395 542 445; x_wconf 84' lang='lat' dir='ltr'>petiturum</span> <span class='ocrx_word' id='word_1_11' title='bbox 586 393 711 434; x_wconf 80' lang='lat' dir='ltr'>dixit.</span> <span class='ocrx_word' id='word_1_12' title='bbox 743 393 1118 433; x_wconf 86' lang='lat' dir='ltr'>Scholasticorum</span> <span class='ocrx_word' id='word_1_13' title='bbox 1164 404 1391 441; x_wconf 74' lang='lat' dir='ltr'>numerus,</span> <span class='ocrx_word' id='word_1_14' title='bbox 1423 393 1499 443; x_wconf 93' lang='lat' dir='ltr'>qui</span> <span class='ocrx_word' id='word_1_15' title='bbox 1545 393 1742 432; x_wconf 88' lang='lat' dir='ltr'>lectioni-</span> 
     </span>
     <span class='ocr_line' id='line_1_3' title="bbox 110 458 1743 509; baseline -0.002 -10"><span class='ocrx_word' id='word_1_16' title='bbox 110 461 192 499; x_wconf 89' lang='lat' dir='ltr'>bus</span> <span class='ocrx_word' id='word_1_17' title='bbox 221 459 458 499; x_wconf 85' lang='lat' dir='ltr'>audiendis</span> <span class='ocrx_word' id='word_1_18' title='bbox 487 461 593 498; x_wconf 88' lang='lat' dir='ltr'>sunt</span> <span class='ocrx_word' id='word_1_19' title='bbox 624 458 801 501; x_wconf 72' lang='lat' dir='ltr'>maturi.</span> <span class='ocrx_word' id='word_1_20' title='bbox 834 458 983 509; x_wconf 86' lang='lat' dir='ltr'>potius</span> <span class='ocrx_word' id='word_1_21' title='bbox 1005 458 1240 497; x_wconf 87' lang='lat' dir='ltr'>mediocris</span> <span class='ocrx_word' id='word_1_22' title='bbox 1269 460 1466 508; x_wconf 76' lang='lat' dir='ltr'>apparet,</span> <span class='ocrx_word' id='word_1_23' title='bbox 1499 470 1631 508; x_wconf 86' lang='lat' dir='ltr'>quam</span> <span class='ocrx_word' id='word_1_24' title='bbox 1654 469 1743 496; x_wconf 86' lang='lat' dir='ltr'>am-</span> 
     </span>
     <span class='ocr_line' id='line_1_4' title="bbox 108 522 1741 575; baseline -0.002 -11"><span class='ocrx_word' id='word_1_25' title='bbox 108 525 232 575; x_wconf 81' lang='lat' dir='ltr'>plus;</span> <span class='ocrx_word' id='word_1_26' title='bbox 266 536 343 575; x_wconf 89' lang='lat' dir='ltr'>spe</span> <span class='ocrx_word' id='word_1_27' title='bbox 372 526 519 563; x_wconf 87' lang='lat' dir='ltr'>tamen</span> <span class='ocrx_word' id='word_1_28' title='bbox 550 524 756 563; x_wconf 81' lang='lat' dir='ltr'>ducimur</span> <span class='ocrx_word' id='word_1_29' title='bbox 795 523 840 562; x_wconf 88' lang='lat' dir='ltr'>in</span> <span class='ocrx_word' id='word_1_30' title='bbox 884 523 980 562; x_wconf 89' lang='lat' dir='ltr'>dies</span> <span class='ocrx_word' id='word_1_31' title='bbox 1022 525 1202 562; x_wconf 87' lang='lat' dir='ltr'>auctum</span> <span class='ocrx_word' id='word_1_32' title='bbox 1234 522 1304 567; x_wconf 80' lang='lat' dir='ltr'>iri,</span> <span class='ocrx_word' id='word_1_33' title='bbox 1337 522 1517 573; x_wconf 90' lang='lat' dir='ltr'>quando</span> <span class='ocrx_word' id='word_1_34' title='bbox 1561 522 1741 573; x_wconf 87' lang='lat' dir='ltr'>quidem</span> 
     </span>
     <span class='ocr_line' id='line_1_5' title="bbox 109 588 1740 639; baseline -0.002 -10"><span class='ocrx_word' id='word_1_35' title='bbox 109 591 218 630; x_wconf 88' lang='lat' dir='ltr'>bene</span> <span class='ocrx_word' id='word_1_36' title='bbox 262 590 462 629; x_wconf 89' lang='lat' dir='ltr'>moribus</span> <span class='ocrx_word' id='word_1_37' title='bbox 505 589 765 639; x_wconf 87' lang='lat' dir='ltr'>compositis</span> <span class='ocrx_word' id='word_1_38' title='bbox 795 601 841 628; x_wconf 85' lang='lat' dir='ltr'>se</span> <span class='ocrx_word' id='word_1_39' title='bbox 870 588 1033 628; x_wconf 86' lang='lat' dir='ltr'>exteris</span> <span class='ocrx_word' id='word_1_40' title='bbox 1070 596 1088 614; x_wconf 70' lang='lat' dir='ltr'>a</span> <span class='ocrx_word' id='word_1_41' title='bbox 1118 589 1301 639; x_wconf 85' lang='lat' dir='ltr'>prebent</span> <span class='ocrx_word' id='word_1_42' title='bbox 1335 588 1575 638; x_wconf 84' lang='lat' dir='ltr'>exemplar.</span> <span class='ocrx_word' id='word_1_43' title='bbox 1610 588 1740 627; x_wconf 87' lang='lat' dir='ltr'>Haud</span> 
     </span>
     <span class='ocr_line' id='line_1_6' title="bbox 107 653 1740 705; baseline -0.001 -11"><span class='ocrx_word' id='word_1_44' title='bbox 107 655 328 694; x_wconf 88' lang='lat' dir='ltr'>desistunt</span> <span class='ocrx_word' id='word_1_45' title='bbox 358 654 552 702; x_wconf 59' lang='lat' dir='ltr'>siugulis</span> <span class='ocrx_word' id='word_1_46' title='bbox 581 666 759 705; x_wconf 91' lang='lat' dir='ltr'>quoque</span> <span class='ocrx_word' id='word_1_47' title='bbox 790 654 1035 698; x_wconf 74' lang='lat' dir='ltr'>mensibus,</span> <span class='ocrx_word' id='word_1_48' title='bbox 1059 654 1174 693; x_wconf 88' lang='lat' dir='ltr'>sicut</span> <span class='ocrx_word' id='word_1_49' title='bbox 1205 654 1251 692; x_wconf 94' lang='lat' dir='ltr'>in</span> <span class='ocrx_word' id='word_1_50' title='bbox 1282 665 1402 692; x_wconf 89' lang='lat' dir='ltr'>more</span> <span class='ocrx_word' id='word_1_51' title='bbox 1435 653 1628 704; x_wconf 87' lang='lat' dir='ltr'>positum</span> <span class='ocrx_word' id='word_1_52' title='bbox 1659 655 1740 699; x_wconf 75' lang='lat' dir='ltr'>est,</span> 
     </span>
     <span class='ocr_line' id='line_1_7' title="bbox 108 719 1744 771; baseline -0.002 -11"><span class='ocrx_word' id='word_1_53' title='bbox 108 732 188 760; x_wconf 90' lang='lat' dir='ltr'>sua</span> <span class='ocrx_word' id='word_1_54' title='bbox 220 722 395 771; x_wconf 86' lang='lat' dir='ltr'>peccata</span> <span class='ocrx_word' id='word_1_55' title='bbox 426 720 644 759; x_wconf 86' lang='lat' dir='ltr'>sacerdoti</span> <span class='ocrx_word' id='word_1_56' title='bbox 675 719 860 770; x_wconf 69' lang='lat' dir='ltr'>aperire,</span> <span class='ocrx_word' id='word_1_57' title='bbox 894 719 1154 770; x_wconf 75' lang='lat' dir='ltr'>grandiores</span> <span class='ocrx_word' id='word_1_58' title='bbox 1186 731 1291 758; x_wconf 90' lang='lat' dir='ltr'>uero</span> <span class='ocrx_word' id='word_1_59' title='bbox 1321 721 1430 758; x_wconf 91' lang='lat' dir='ltr'>natu</span> <span class='ocrx_word' id='word_1_60' title='bbox 1460 730 1591 769; x_wconf 84' lang='lat' dir='ltr'>saepe</span> <span class='ocrx_word' id='word_1_61' title='bbox 1626 730 1744 758; x_wconf 90' lang='lat' dir='ltr'>acce-</span> 
     </span>
     <span class='ocr_line' id='line_1_8' title="bbox 107 784 1745 825; baseline -0.001 0"><span class='ocrx_word' id='word_1_62' title='bbox 107 786 217 825; x_wconf 91' lang='lat' dir='ltr'>dunt</span> <span class='ocrx_word' id='word_1_63' title='bbox 249 785 302 825; x_wconf 87' lang='lat' dir='ltr'>ad</span> <span class='ocrx_word' id='word_1_64' title='bbox 333 797 506 824; x_wconf 86' lang='lat' dir='ltr'>sacrum</span> <span class='ocrx_word' id='word_1_65' title='bbox 530 785 826 825; x_wconf 74' lang='lat' dir='ltr'>eucharistiae</span> <span class='ocrx_word' id='word_1_66' title='bbox 847 786 1174 824; x_wconf 85' lang='lat' dir='ltr'>sacramentum</span> <span class='ocrx_word' id='word_1_67' title='bbox 1196 784 1357 824; x_wconf 88' lang='lat' dir='ltr'>humili</span> <span class='ocrx_word' id='word_1_68' title='bbox 1388 784 1538 823; x_wconf 88' lang='lat' dir='ltr'>animo</span> <span class='ocrx_word' id='word_1_69' title='bbox 1569 796 1745 823; x_wconf 88' lang='lat' dir='ltr'>sumen-</span> 
     </span>
     <span class='ocr_line' id='line_1_9' title="bbox 107 849 1744 901; baseline 0 -12"><span class='ocrx_word' id='word_1_70' title='bbox 107 851 227 890; x_wconf 88' lang='lat' dir='ltr'>dum.</span> <span class='ocrx_word' id='word_1_71' title='bbox 262 850 494 889; x_wconf 77' lang='lat' dir='ltr'>Habentur</span> <span class='ocrx_word' id='word_1_72' title='bbox 526 853 748 901; x_wconf 87' lang='lat' dir='ltr'>praeterea</span> <span class='ocrx_word' id='word_1_73' title='bbox 779 850 825 888; x_wconf 91' lang='lat' dir='ltr'>in</span> <span class='ocrx_word' id='word_1_74' title='bbox 856 849 1022 888; x_wconf 88' lang='lat' dir='ltr'>nostris</span> <span class='ocrx_word' id='word_1_75' title='bbox 1057 850 1224 889; x_wconf 89' lang='lat' dir='ltr'>scholis</span> <span class='ocrx_word' id='word_1_76' title='bbox 1258 849 1618 900; x_wconf 81' lang='lat' dir='ltr'>disceptationes,</span> <span class='ocrx_word' id='word_1_77' title='bbox 1651 849 1744 889; x_wconf 84' lang='lat' dir='ltr'>affi-</span> 
     </span>
     <span class='ocr_line' id='line_1_10' title="bbox 107 915 1744 966; baseline -0.001 -11"><span class='ocrx_word' id='word_1_78' title='bbox 107 917 362 966; x_wconf 81' lang='lat' dir='ltr'>gunturque</span> <span class='ocrx_word' id='word_1_79' title='bbox 409 915 567 955; x_wconf 81' lang='lat' dir='ltr'>diebus</span> <span class='ocrx_word' id='word_1_80' title='bbox 616 915 793 954; x_wconf 89' lang='lat' dir='ltr'>ueneris</span> <span class='ocrx_word' id='word_1_81' title='bbox 841 915 1086 954; x_wconf 77' lang='lat' dir='ltr'>rhetoricae</span> <span class='ocrx_word' id='word_1_82' title='bbox 1148 915 1440 958; x_wconf 76' lang='lat' dir='ltr'>assertiones:</span> <span class='ocrx_word' id='word_1_83' title='bbox 1492 915 1744 966; x_wconf 75' lang='lat' dir='ltr'>studiJ&#39;sque</span> 
     </span>
     <span class='ocr_line' id='line_1_11' title="bbox 109 980 1745 1031; baseline 0 -11"><span class='ocrx_word' id='word_1_84' title='bbox 109 981 229 1020; x_wconf 87' lang='lat' dir='ltr'>hisce</span> <span class='ocrx_word' id='word_1_85' title='bbox 261 981 420 1020; x_wconf 85' lang='lat' dir='ltr'>mirum</span> <span class='ocrx_word' id='word_1_86' title='bbox 452 981 499 1020; x_wconf 93' lang='lat' dir='ltr'>in</span> <span class='ocrx_word' id='word_1_87' title='bbox 531 981 708 1020; x_wconf 88' lang='lat' dir='ltr'>modum</span> <span class='ocrx_word' id='word_1_88' title='bbox 741 980 951 1031; x_wconf 88' lang='lat' dir='ltr'>discipuli</span> <span class='ocrx_word' id='word_1_89' title='bbox 982 981 1038 1020; x_wconf 82' lang='lat' dir='ltr'>ad</span> <span class='ocrx_word' id='word_1_90' title='bbox 1068 981 1358 1020; x_wconf 79' lang='lat' dir='ltr'>humaniores</span> <span class='ocrx_word' id='word_1_91' title='bbox 1380 981 1551 1020; x_wconf 81' lang='lat' dir='ltr'>litteras</span> <span class='ocrx_word' id='word_1_92' title='bbox 1581 981 1745 1031; x_wconf 89' lang='lat' dir='ltr'>ample-</span> 
     </span>
     <span class='ocr_line' id='line_1_12' title="bbox 107 1046 1744 1097; baseline 0 -12"><span class='ocrx_word' id='word_1_93' title='bbox 107 1046 278 1085; x_wconf 84' lang='lat' dir='ltr'>xandas</span> <span class='ocrx_word' id='word_1_94' title='bbox 326 1046 685 1093; x_wconf 83' lang='lat' dir='ltr'>inssammantur;</span> <span class='ocrx_word' id='word_1_95' title='bbox 737 1046 836 1085; x_wconf 90' lang='lat' dir='ltr'>ideo</span> <span class='ocrx_word' id='word_1_96' title='bbox 884 1058 935 1085; x_wconf 90' lang='lat' dir='ltr'>eo</span> <span class='ocrx_word' id='word_1_97' title='bbox 986 1046 1127 1097; x_wconf 79' lang='lat' dir='ltr'>magis</span> <span class='ocrx_word' id='word_1_98' title='bbox 1175 1047 1306 1086; x_wconf 90' lang='lat' dir='ltr'>datur</span> <span class='ocrx_word' id='word_1_99' title='bbox 1353 1058 1501 1097; x_wconf 77' lang='lat' dir='ltr'>opera,</span> <span class='ocrx_word' id='word_1_100' title='bbox 1548 1058 1602 1085; x_wconf 90' lang='lat' dir='ltr'>ne</span> <span class='ocrx_word' id='word_1_101' title='bbox 1653 1046 1744 1086; x_wconf 89' lang='lat' dir='ltr'>ulla</span> 
     </span>
     <span class='ocr_line' id='line_1_13' title="bbox 108 1111 1745 1162; baseline 0 -12"><span class='ocrx_word' id='word_1_102' title='bbox 108 1111 380 1151; x_wconf 81' lang='lat' dir='ltr'>intermissio</span> <span class='ocrx_word' id='word_1_103' title='bbox 411 1112 551 1151; x_wconf 81' lang='lat' dir='ltr'>nostri</span> <span class='ocrx_word' id='word_1_104' title='bbox 583 1111 659 1150; x_wconf 83' lang='lat' dir='ltr'>fiat</span> <span class='ocrx_word' id='word_1_105' title='bbox 688 1111 838 1162; x_wconf 82' lang='lat' dir='ltr'>officij.</span> <span class='ocrx_word' id='word_1_106' title='bbox 873 1111 1080 1151; x_wconf 86' lang='lat' dir='ltr'>Calendis</span> <span class='ocrx_word' id='word_1_107' title='bbox 1109 1111 1377 1151; x_wconf 85' lang='lat' dir='ltr'>Nouembris</span> <span class='ocrx_word' id='word_1_108' title='bbox 1411 1112 1464 1150; x_wconf 86' lang='lat' dir='ltr'>de</span> <span class='ocrx_word' id='word_1_109' title='bbox 1498 1111 1745 1162; x_wconf 81' lang='lat' dir='ltr'>sapientiae</span> 
     </span>
     <span class='ocr_line' id='line_1_14' title="bbox 107 1177 1744 1228; baseline 0 -12"><span class='ocrx_word' id='word_1_110' title='bbox 107 1177 238 1216; x_wconf 88' lang='lat' dir='ltr'>laude</span> <span class='ocrx_word' id='word_1_111' title='bbox 281 1177 529 1216; x_wconf 87' lang='lat' dir='ltr'>orationem</span> <span class='ocrx_word' id='word_1_112' title='bbox 559 1177 962 1228; x_wconf 86' lang='lat' dir='ltr'>pronunciauimus</span> <span class='ocrx_word' id='word_1_113' title='bbox 992 1177 1039 1216; x_wconf 89' lang='lat' dir='ltr'>in</span> <span class='ocrx_word' id='word_1_114' title='bbox 1069 1177 1221 1217; x_wconf 84' lang='lat' dir='ltr'>schola</span> <span class='ocrx_word' id='word_1_115' title='bbox 1252 1178 1469 1216; x_wconf 88' lang='lat' dir='ltr'>instructa</span> <span class='ocrx_word' id='word_1_116' title='bbox 1501 1177 1744 1228; x_wconf 90' lang='lat' dir='ltr'>peripetas-</span> 
     </span>
     <span class='ocr_line' id='line_1_15' title="bbox 108 1241 1746 1293; baseline 0 -12"><span class='ocrx_word' id='word_1_117' title='bbox 108 1242 301 1282; x_wconf 90' lang='lat' dir='ltr'>matibus</span> <span class='ocrx_word' id='word_1_118' title='bbox 339 1244 653 1293; x_wconf 73' lang='lat' dir='ltr'>praesentibus</span> <span class='ocrx_word' id='word_1_119' title='bbox 692 1244 922 1282; x_wconf 43' lang='lat' dir='ltr'>eaetrcmesis</span> <span class='ocrx_word' id='word_1_120' title='bbox 966 1241 998 1282; x_wconf 73' lang='lat'>¹³.</span> <span class='ocrx_word' id='word_1_121' title='bbox 1032 1242 1314 1282; x_wconf 89' lang='lat' dir='ltr'>Postulatum</span> <span class='ocrx_word' id='word_1_122' title='bbox 1346 1254 1434 1281; x_wconf 89' lang='lat' dir='ltr'>non</span> <span class='ocrx_word' id='word_1_123' title='bbox 1472 1242 1625 1282; x_wconf 89' lang='lat' dir='ltr'>multis</span> <span class='ocrx_word' id='word_1_124' title='bbox 1655 1242 1746 1281; x_wconf 88' lang='lat' dir='ltr'>die-</span> 
     </span>
     <span class='ocr_line' id='line_1_16' title="bbox 108 1308 1745 1359; baseline 0 -12"><span class='ocrx_word' id='word_1_125' title='bbox 108 1308 191 1347; x_wconf 85' lang='lat' dir='ltr'>bus</span> <span class='ocrx_word' id='word_1_126' title='bbox 221 1310 323 1347; x_wconf 88' lang='lat' dir='ltr'>ante</span> <span class='ocrx_word' id='word_1_127' title='bbox 365 1308 421 1347; x_wconf 93' lang='lat' dir='ltr'>ab</span> <span class='ocrx_word' id='word_1_128' title='bbox 464 1308 760 1347; x_wconf 82' lang='lat' dir='ltr'>humanitatis</span> <span class='ocrx_word' id='word_1_129' title='bbox 804 1308 1003 1359; x_wconf 79' lang='lat' dir='ltr'>legisque</span> <span class='ocrx_word' id='word_1_130' title='bbox 1048 1308 1376 1358; x_wconf 78' lang='lat' dir='ltr'>professoribus</span> <span class='ocrx_word' id='word_1_131' title='bbox 1422 1308 1521 1354; x_wconf 74' lang='lat' dir='ltr'>fuit,</span> <span class='ocrx_word' id='word_1_132' title='bbox 1554 1309 1602 1347; x_wconf 87' lang='lat' dir='ltr'>ut</span> <span class='ocrx_word' id='word_1_133' title='bbox 1636 1308 1745 1358; x_wconf 87' lang='lat' dir='ltr'>quid</span> 
     </span>
     <span class='ocr_line' id='line_1_17' title="bbox 107 1372 1746 1424; baseline 0 -12"><span class='ocrx_word' id='word_1_134' title='bbox 107 1372 257 1424; x_wconf 77' lang='lat' dir='ltr'>gres-[i]</span> <span class='ocrx_word' id='word_1_135' title='bbox 298 1380 313 1399; x_wconf 77' lang='lat'>0</span> <span class='ocrx_word' id='word_1_136' title='bbox 343 1373 388 1412; x_wconf 88' lang='lat' dir='ltr'>in</span> <span class='ocrx_word' id='word_1_137' title='bbox 423 1373 600 1424; x_wconf 87' lang='lat' dir='ltr'>publico</span> <span class='ocrx_word' id='word_1_138' title='bbox 631 1373 866 1424; x_wconf 70' lang='lat' dir='ltr'>gymnasio</span> <span class='ocrx_word' id='word_1_139' title='bbox 887 1373 1218 1420; x_wconf 78' lang='lat' dir='ltr'>enuclearetur;</span> <span class='ocrx_word' id='word_1_140' title='bbox 1251 1385 1301 1412; x_wconf 90' lang='lat' dir='ltr'>ea</span> <span class='ocrx_word' id='word_1_141' title='bbox 1325 1385 1369 1412; x_wconf 91' lang='lat' dir='ltr'>re</span> <span class='ocrx_word' id='word_1_142' title='bbox 1389 1373 1585 1413; x_wconf 89' lang='lat' dir='ltr'>decreuit</span> <span class='ocrx_word' id='word_1_143' title='bbox 1617 1373 1746 1413; x_wconf 88' lang='lat' dir='ltr'>Pater</span> 
     </span>
     <span class='ocr_line' id='line_1_18' title="bbox 108 1438 1746 1491; baseline 0.001 -14"><span class='ocrx_word' id='word_1_144' title='bbox 108 1439 267 1477; x_wconf 82' lang='lat' dir='ltr'>Rector</span> <span class='ocrx_word' id='word_1_145' title='bbox 296 1438 559 1489; x_wconf 78' lang='lat' dir='ltr'>magistrum</span> <span class='ocrx_word' id='word_1_146' title='bbox 595 1439 811 1478; x_wconf 75' lang='lat' dir='ltr'>‚Ioannem</span> <span class='ocrx_word' id='word_1_147' title='bbox 857 1439 1092 1478; x_wconf 87' lang='lat' dir='ltr'>Maiorium</span> <span class='ocrx_word' id='word_1_148' title='bbox 1124 1441 1152 1483; x_wconf 80' lang='lat'>¹,</span> <span class='ocrx_word' id='word_1_149' title='bbox 1185 1438 1460 1491; x_wconf 65' lang='lat' dir='ltr'>admfodum]</span> <span class='ocrx_word' id='word_1_150' title='bbox 1498 1438 1516 1465; x_wconf 65' lang='grc' dir='ltr'>(ἰ</span> <span class='ocrx_word' id='word_1_151' title='bbox 1548 1439 1594 1478; x_wconf 92' lang='lat' dir='ltr'>in</span> <span class='ocrx_word' id='word_1_152' title='bbox 1624 1450 1746 1490; x_wconf 79' lang='lat' dir='ltr'>grae-</span> 
     </span>
     <span class='ocr_line' id='line_1_19' title="bbox 106 1503 1744 1556; baseline 0.001 -13"><span class='ocrx_word' id='word_1_153' title='bbox 106 1504 170 1543; x_wconf 88' lang='lat' dir='ltr'>cis</span> <span class='ocrx_word' id='word_1_154' title='bbox 200 1503 361 1543; x_wconf 83' lang='lat' dir='ltr'>litteris</span> <span class='ocrx_word' id='word_1_155' title='bbox 392 1506 635 1547; x_wconf 84' lang='lat' dir='ltr'>uersatum.</span> <span class='ocrx_word' id='word_1_156' title='bbox 668 1505 788 1544; x_wconf 89' lang='lat' dir='ltr'>hunc</span> <span class='ocrx_word' id='word_1_157' title='bbox 818 1505 968 1544; x_wconf 87' lang='lat' dir='ltr'>subire</span> <span class='ocrx_word' id='word_1_158' title='bbox 998 1504 1210 1546; x_wconf 87' lang='lat' dir='ltr'>laborem.</span> <span class='ocrx_word' id='word_1_159' title='bbox 1242 1505 1391 1544; x_wconf 86' lang='lat' dir='ltr'>Pridie</span> <span class='ocrx_word' id='word_1_160' title='bbox 1422 1505 1560 1556; x_wconf 79' lang='lat' dir='ltr'>igitur</span> <span class='ocrx_word' id='word_1_161' title='bbox 1589 1505 1744 1544; x_wconf 87' lang='lat' dir='ltr'>iduum</span> 
     </span>
     <span class='ocr_line' id='line_1_20' title="bbox 107 1569 1742 1621; baseline 0.001 -12"><span class='ocrx_word' id='word_1_162' title='bbox 107 1569 372 1609; x_wconf 80' lang='lat' dir='ltr'>Nouembris</span> <span class='ocrx_word' id='word_1_163' title='bbox 419 1570 736 1610; x_wconf 80' lang='lat' dir='ltr'>aristotelicam</span> <span class='ocrx_word' id='word_1_164' title='bbox 781 1570 1030 1610; x_wconf 80' lang='lat' dir='ltr'>rhetoricen</span> <span class='ocrx_word' id='word_1_165' title='bbox 1073 1582 1174 1610; x_wconf 93' lang='lat' dir='ltr'>cum</span> <span class='ocrx_word' id='word_1_166' title='bbox 1219 1571 1475 1610; x_wconf 87' lang='lat' dir='ltr'>auditorum</span> <span class='ocrx_word' id='word_1_167' title='bbox 1523 1571 1742 1621; x_wconf 84' lang='lat' dir='ltr'>applausu</span> 
     </span>
     <span class='ocr_line' id='line_1_21' title="bbox 107 1634 1747 1687; baseline 0.001 -13"><span class='ocrx_word' id='word_1_168' title='bbox 107 1634 352 1674; x_wconf 86' lang='lat' dir='ltr'>inchoauit.</span> <span class='ocrx_word' id='word_1_169' title='bbox 385 1634 472 1674; x_wconf 88' lang='lat' dir='ltr'>Nec</span> <span class='ocrx_word' id='word_1_170' title='bbox 502 1635 629 1674; x_wconf 89' lang='lat' dir='ltr'>debet</span> <span class='ocrx_word' id='word_1_171' title='bbox 663 1636 742 1675; x_wconf 87' lang='lat' dir='ltr'>ulli</span> <span class='ocrx_word' id='word_1_172' title='bbox 777 1636 936 1675; x_wconf 86' lang='lat' dir='ltr'>mirum</span> <span class='ocrx_word' id='word_1_173' title='bbox 968 1635 1127 1681; x_wconf 82' lang='lat' dir='ltr'>uideri,</span> <span class='ocrx_word' id='word_1_174' title='bbox 1160 1636 1197 1675; x_wconf 88' lang='lat' dir='ltr'>si</span> <span class='ocrx_word' id='word_1_175' title='bbox 1229 1638 1329 1687; x_wconf 88' lang='lat' dir='ltr'>post</span> <span class='ocrx_word' id='word_1_176' title='bbox 1372 1636 1543 1687; x_wconf 87' lang='lat' dir='ltr'>aliquot</span> <span class='ocrx_word' id='word_1_177' title='bbox 1582 1637 1747 1676; x_wconf 86' lang='lat' dir='ltr'>hebdo-</span> 
     </span>
     <span class='ocr_line' id='line_1_22' title="bbox 107 1700 1747 1748; baseline 0.001 -9"><span class='ocrx_word' id='word_1_178' title='bbox 107 1700 262 1740; x_wconf 86' lang='lat' dir='ltr'>madas</span> <span class='ocrx_word' id='word_1_179' title='bbox 290 1700 457 1739; x_wconf 90' lang='lat' dir='ltr'>omissa</span> <span class='ocrx_word' id='word_1_180' title='bbox 487 1700 620 1740; x_wconf 86' lang='lat' dir='ltr'>fuerit</span> <span class='ocrx_word' id='word_1_181' title='bbox 650 1701 779 1740; x_wconf 89' lang='lat' dir='ltr'>lectio</span> <span class='ocrx_word' id='word_1_182' title='bbox 814 1701 867 1740; x_wconf 87' lang='lat' dir='ltr'>de</span> <span class='ocrx_word' id='word_1_183' title='bbox 901 1701 1122 1740; x_wconf 86' lang='lat' dir='ltr'>sententia</span> <span class='ocrx_word' id='word_1_184' title='bbox 1154 1702 1200 1741; x_wconf 88' lang='grc' dir='ltr'>Ρ.</span> <span class='ocrx_word' id='word_1_185' title='bbox 1235 1701 1557 1748; x_wconf 79' lang='lat' dir='ltr'>Prouincialis;</span> <span class='ocrx_word' id='word_1_186' title='bbox 1591 1702 1747 1741; x_wconf 89' lang='lat' dir='ltr'>absen-</span> 
     </span>
     <span class='ocr_line' id='line_1_23' title="bbox 107 1765 1743 1817; baseline 0.001 -13"><span class='ocrx_word' id='word_1_187' title='bbox 107 1765 169 1804; x_wconf 86' lang='lat' dir='ltr'>tia</span> <span class='ocrx_word' id='word_1_188' title='bbox 198 1765 317 1804; x_wconf 90' lang='lat' dir='ltr'>enim</span> <span class='ocrx_word' id='word_1_189' title='bbox 348 1765 549 1816; x_wconf 75' lang='lat' dir='ltr'>magistri</span> <span class='ocrx_word' id='word_1_190' title='bbox 579 1766 768 1805; x_wconf 86' lang='lat' dir='ltr'>Joannis</span> <span class='ocrx_word' id='word_1_191' title='bbox 813 1778 898 1805; x_wconf 86' lang='lat' dir='ltr'>non</span> <span class='ocrx_word' id='word_1_192' title='bbox 946 1768 1117 1817; x_wconf 86' lang='lat' dir='ltr'>poterat</span> <span class='ocrx_word' id='word_1_193' title='bbox 1163 1778 1346 1817; x_wconf 87' lang='lat' dir='ltr'>prorsus</span> <span class='ocrx_word' id='word_1_194' title='bbox 1386 1769 1564 1806; x_wconf 88' lang='lat' dir='ltr'>nostrae</span> <span class='ocrx_word' id='word_1_195' title='bbox 1594 1767 1743 1814; x_wconf 81' lang='lat' dir='ltr'>classi,</span> 
     </span>
     <span class='ocr_line' id='line_1_24' title="bbox 106 1830 1745 1883; baseline 0.001 -13"><span class='ocrx_word' id='word_1_196' title='bbox 106 1830 211 1882; x_wconf 84' lang='lat' dir='ltr'>cu[i]</span> <span class='ocrx_word' id='word_1_197' title='bbox 244 1831 484 1881; x_wconf 77' lang='lat' dir='ltr'>malumus,</span> <span class='ocrx_word' id='word_1_198' title='bbox 507 1833 556 1870; x_wconf 88' lang='lat' dir='ltr'>ut</span> <span class='ocrx_word' id='word_1_199' title='bbox 584 1833 803 1878; x_wconf 77' lang='lat' dir='ltr'>tenemur,</span> <span class='ocrx_word' id='word_1_200' title='bbox 826 1832 1082 1872; x_wconf 83' lang='lat' dir='ltr'>satisfacere</span> <span class='ocrx_word' id='word_1_201' title='bbox 1103 1844 1237 1883; x_wconf 88' lang='lat' dir='ltr'>quam</span> <span class='ocrx_word' id='word_1_202' title='bbox 1261 1832 1414 1883; x_wconf 87' lang='lat' dir='ltr'>paucis</span> <span class='ocrx_word' id='word_1_203' title='bbox 1445 1832 1548 1883; x_wconf 86' lang='lat' dir='ltr'>alijs</span> <span class='ocrx_word' id='word_1_204' title='bbox 1579 1844 1745 1872; x_wconf 91' lang='lat' dir='ltr'>morem</span> 
     </span>
     <span class='ocr_line' id='line_1_25' title="bbox 107 1897 1746 1949; baseline 0.002 -14"><span class='ocrx_word' id='word_1_205' title='bbox 107 1907 271 1947; x_wconf 82' lang='lat' dir='ltr'>gerere,</span> <span class='ocrx_word' id='word_1_206' title='bbox 304 1908 395 1936; x_wconf 94' lang='lat' dir='ltr'>non</span> <span class='ocrx_word' id='word_1_207' title='bbox 425 1908 521 1936; x_wconf 90' lang='lat' dir='ltr'>esse</span> <span class='ocrx_word' id='word_1_208' title='bbox 551 1897 597 1936; x_wconf 93' lang='lat' dir='ltr'>in</span> <span class='ocrx_word' id='word_1_209' title='bbox 628 1897 780 1948; x_wconf 90' lang='lat' dir='ltr'>aliqua</span> <span class='ocrx_word' id='word_1_210' title='bbox 810 1899 933 1949; x_wconf 87' lang='lat' dir='ltr'>parte</span> <span class='ocrx_word' id='word_1_211' title='bbox 972 1898 1252 1938; x_wconf 88' lang='lat' dir='ltr'>detrimento.</span> <span class='ocrx_word' id='word_1_212' title='bbox 1286 1898 1580 1948; x_wconf 80' lang='lat' dir='ltr'>Quamobrem</span> <span class='ocrx_word' id='word_1_213' title='bbox 1623 1898 1746 1938; x_wconf 90' lang='lat' dir='ltr'>omni</span> 
     </span>
     <span class='ocr_line' id='line_1_26' title="bbox 106 1961 1747 2015; baseline 0.002 -15"><span class='ocrx_word' id='word_1_214' title='bbox 106 1961 237 2012; x_wconf 90' lang='lat' dir='ltr'>culpa</span> <span class='ocrx_word' id='word_1_215' title='bbox 267 1962 375 2001; x_wconf 90' lang='lat' dir='ltr'>haec</span> <span class='ocrx_word' id='word_1_216' title='bbox 405 1963 595 2001; x_wconf 86' lang='lat' dir='ltr'>cessatio</span> <span class='ocrx_word' id='word_1_217' title='bbox 626 1962 784 2010; x_wconf 75' lang='lat' dir='ltr'>caruit,</span> <span class='ocrx_word' id='word_1_218' title='bbox 817 1975 920 2002; x_wconf 90' lang='lat' dir='ltr'>nam</span> <span class='ocrx_word' id='word_1_219' title='bbox 951 1963 1007 2002; x_wconf 90' lang='lat' dir='ltr'>ad</span> <span class='ocrx_word' id='word_1_220' title='bbox 1037 1965 1213 2014; x_wconf 88' lang='lat' dir='ltr'>tempus</span> <span class='ocrx_word' id='word_1_221' title='bbox 1243 1964 1373 2015; x_wconf 86' lang='lat' dir='ltr'>quasi</span> <span class='ocrx_word' id='word_1_222' title='bbox 1404 1964 1512 2015; x_wconf 87' lang='lat' dir='ltr'>quid</span> <span class='ocrx_word' id='word_1_223' title='bbox 1547 1963 1747 2004; x_wconf 82' lang='lat' dir='ltr'>euenerit</span> 
     </span>
     <span class='ocr_line' id='line_1_27' title="bbox 109 2027 1747 2079; baseline 0.001 -14"><span class='ocrx_word' id='word_1_224' title='bbox 109 2027 443 2078; x_wconf 59' lang='lat' dir='ltr'>prospicientes,</span> <span class='ocrx_word' id='word_1_225' title='bbox 476 2028 756 2079; x_wconf 87' lang='lat' dir='ltr'>suscepimus</span> <span class='ocrx_word' id='word_1_226' title='bbox 801 2028 1095 2079; x_wconf 87' lang='lat' dir='ltr'>prouinciam.</span> <span class='ocrx_word' id='word_1_227' title='bbox 1129 2028 1279 2069; x_wconf 83' lang='lat' dir='ltr'>Nostri</span> <span class='ocrx_word' id='word_1_228' title='bbox 1323 2029 1579 2069; x_wconf 88' lang='lat' dir='ltr'>scholastici</span> <span class='ocrx_word' id='word_1_229' title='bbox 1624 2041 1747 2068; x_wconf 80' lang='lat' dir='ltr'>exer-</span> 
     </span>
     <span class='ocr_line' id='line_1_28' title="bbox 107 2093 1748 2146; baseline 0.001 -15"><span class='ocrx_word' id='word_1_230' title='bbox 107 2094 262 2132; x_wconf 86' lang='lat' dir='ltr'>centur</span> <span class='ocrx_word' id='word_1_231' title='bbox 290 2093 457 2132; x_wconf 85' lang='lat' dir='ltr'>crebris</span> <span class='ocrx_word' id='word_1_232' title='bbox 499 2093 904 2133; x_wconf 82' lang='lat' dir='ltr'>declamationibus</span> <span class='ocrx_word' id='word_1_233' title='bbox 948 2094 1190 2137; x_wconf 83' lang='lat' dir='ltr'>habendis:</span> <span class='ocrx_word' id='word_1_234' title='bbox 1228 2095 1473 2146; x_wconf 89' lang='lat' dir='ltr'>aliquando</span> <span class='ocrx_word' id='word_1_235' title='bbox 1503 2107 1556 2134; x_wconf 81' lang='lat' dir='ltr'>ex</span> <span class='ocrx_word' id='word_1_236' title='bbox 1586 2095 1748 2145; x_wconf 87' lang='lat' dir='ltr'>impro-</span> 
     </span>
     <span class='ocr_line' id='line_1_29' title="bbox 111 2157 1196 2200; baseline 0.002 -3"><span class='ocrx_word' id='word_1_237' title='bbox 111 2157 207 2197; x_wconf 90' lang='lat' dir='ltr'>uiso</span> <span class='ocrx_word' id='word_1_238' title='bbox 237 2158 374 2197; x_wconf 87' lang='lat' dir='ltr'>latine</span> <span class='ocrx_word' id='word_1_239' title='bbox 403 2158 728 2198; x_wconf 84' lang='lat' dir='ltr'>concionantur</span> <span class='ocrx_word' id='word_1_240' title='bbox 758 2159 874 2198; x_wconf 89' lang='lat' dir='ltr'>inter</span> <span class='ocrx_word' id='word_1_241' title='bbox 902 2160 1196 2200; x_wconf 87' lang='lat' dir='ltr'>coenandum.</span> 
     </span>
    </p>

    <p class='ocr_par' dir='ltr' id='par_1_3' title="bbox 107 2223 1749 2735">
     <span class='ocr_line' id='line_1_30' title="bbox 186 2223 1747 2277; baseline 0.002 -15"><span class='ocrx_word' id='word_1_242' title='bbox 186 2224 225 2262; x_wconf 82' lang='lat'>6.</span> <span class='ocrx_word' id='word_1_243' title='bbox 259 2223 526 2263; x_wconf 89' lang='lat' dir='ltr'>Inuisuntur</span> <span class='ocrx_word' id='word_1_244' title='bbox 555 2224 735 2274; x_wconf 87' lang='lat' dir='ltr'>saepius</span> <span class='ocrx_word' id='word_1_245' title='bbox 771 2224 817 2263; x_wconf 91' lang='lat' dir='ltr'>in</span> <span class='ocrx_word' id='word_1_246' title='bbox 853 2236 1070 2264; x_wconf 88' lang='lat' dir='ltr'>carcerem</span> <span class='ocrx_word' id='word_1_247' title='bbox 1102 2225 1315 2277; x_wconf 78' lang='lat' dir='ltr'>conjecti3</span> <span class='ocrx_word' id='word_1_248' title='bbox 1348 2228 1390 2265; x_wconf 94' lang='lat' dir='ltr'>et</span> <span class='ocrx_word' id='word_1_249' title='bbox 1420 2226 1517 2272; x_wconf 64' lang='lat' dir='ltr'>hos,</span> <span class='ocrx_word' id='word_1_250' title='bbox 1560 2226 1747 2265; x_wconf 88' lang='lat' dir='ltr'>uerbum</span> 
     </span>
     <span class='ocr_line' id='line_1_31' title="bbox 108 2289 1746 2343; baseline 0.001 -15"><span class='ocrx_word' id='word_1_251' title='bbox 108 2289 186 2328; x_wconf 91' lang='lat' dir='ltr'>Dei</span> <span class='ocrx_word' id='word_1_252' title='bbox 216 2289 471 2339; x_wconf 73' lang='lat' dir='ltr'>aperiendo,</span> <span class='ocrx_word' id='word_1_253' title='bbox 493 2291 589 2328; x_wconf 89' lang='lat' dir='ltr'>tum</span> <span class='ocrx_word' id='word_1_254' title='bbox 616 2302 825 2337; x_wconf 76' lang='lat' dir='ltr'>recreare,</span> <span class='ocrx_word' id='word_1_255' title='bbox 850 2292 944 2330; x_wconf 91' lang='lat' dir='ltr'>tum</span> <span class='ocrx_word' id='word_1_256' title='bbox 975 2303 1000 2330; x_wconf 86' lang='lat' dir='ltr'>a</span> <span class='ocrx_word' id='word_1_257' title='bbox 1023 2291 1141 2330; x_wconf 90' lang='lat' dir='ltr'>uitae</span> <span class='ocrx_word' id='word_1_258' title='bbox 1162 2292 1385 2331; x_wconf 90' lang='lat' dir='ltr'>curriculo</span> <span class='ocrx_word' id='word_1_259' title='bbox 1406 2292 1589 2343; x_wconf 88' lang='lat' dir='ltr'>obliquo</span> <span class='ocrx_word' id='word_1_260' title='bbox 1612 2294 1746 2330; x_wconf 90' lang='lat' dir='ltr'>retra-</span> 
     </span>
     <span class='ocr_line' id='line_1_32' title="bbox 107 2355 1748 2408; baseline 0.001 -14"><span class='ocrx_word' id='word_1_261' title='bbox 107 2356 210 2395; x_wconf 90' lang='lat' dir='ltr'>here</span> <span class='ocrx_word' id='word_1_262' title='bbox 240 2355 585 2406; x_wconf 79' lang='lat' dir='ltr'>diligentissime</span> <span class='ocrx_word' id='word_1_263' title='bbox 614 2356 869 2404; x_wconf 84' lang='lat' dir='ltr'>studemus;</span> <span class='ocrx_word' id='word_1_264' title='bbox 908 2357 953 2396; x_wconf 91' lang='lat' dir='ltr'>id</span> <span class='ocrx_word' id='word_1_265' title='bbox 974 2358 1187 2408; x_wconf 87' lang='lat' dir='ltr'>consequi</span> <span class='ocrx_word' id='word_1_266' title='bbox 1224 2357 1443 2405; x_wconf 70' lang='lat' dir='ltr'>uidemur,</span> <span class='ocrx_word' id='word_1_267' title='bbox 1467 2370 1565 2397; x_wconf 90' lang='lat' dir='ltr'>cum</span> <span class='ocrx_word' id='word_1_268' title='bbox 1593 2369 1748 2397; x_wconf 91' lang='lat' dir='ltr'>omnes</span> 
     </span>
     <span class='ocr_line' id='line_1_33' title="bbox 107 2421 1747 2472; baseline 0.001 -12"><span class='ocrx_word' id='word_1_269' title='bbox 107 2433 198 2460; x_wconf 93' lang='lat' dir='ltr'>uno</span> <span class='ocrx_word' id='word_1_270' title='bbox 234 2428 250 2447; x_wconf 67' lang='grc' dir='ltr'>θ</span> <span class='ocrx_word' id='word_1_271' title='bbox 272 2432 347 2460; x_wconf 90' lang='lat' dir='ltr'>ore</span> <span class='ocrx_word' id='word_1_272' title='bbox 377 2421 645 2472; x_wconf 88' lang='lat' dir='ltr'>protulerint</span> <span class='ocrx_word' id='word_1_273' title='bbox 666 2423 838 2472; x_wconf 88' lang='lat' dir='ltr'>praeter</span> <span class='ocrx_word' id='word_1_274' title='bbox 859 2422 974 2461; x_wconf 89' lang='lat' dir='ltr'>hanc</span> <span class='ocrx_word' id='word_1_275' title='bbox 994 2423 1334 2463; x_wconf 87' lang='lat' dir='ltr'>conciunculam</span> <span class='ocrx_word' id='word_1_276' title='bbox 1357 2423 1446 2462; x_wconf 89' lang='lat' dir='ltr'>alio</span> <span class='ocrx_word' id='word_1_277' title='bbox 1471 2423 1615 2462; x_wconf 91' lang='lat' dir='ltr'>nihilo</span> <span class='ocrx_word' id='word_1_278' title='bbox 1638 2423 1747 2462; x_wconf 90' lang='lat' dir='ltr'>rele—</span> 
     </span>
     <span class='ocr_line' id='line_1_34' title="bbox 108 2485 1748 2539; baseline 0.001 -14"><span class='ocrx_word' id='word_1_279' title='bbox 108 2486 219 2526; x_wconf 90' lang='lat' dir='ltr'>uari.</span> <span class='ocrx_word' id='word_1_280' title='bbox 242 2485 341 2525; x_wconf 92' lang='lat' dir='ltr'>Non</span> <span class='ocrx_word' id='word_1_281' title='bbox 364 2486 495 2525; x_wconf 89' lang='lat' dir='ltr'>modo</span> <span class='ocrx_word' id='word_1_282' title='bbox 525 2498 550 2525; x_wconf 88' lang='lat' dir='ltr'>a</span> <span class='ocrx_word' id='word_1_283' title='bbox 580 2487 769 2526; x_wconf 88' lang='lat' dir='ltr'>carceris</span> <span class='ocrx_word' id='word_1_284' title='bbox 791 2488 974 2527; x_wconf 86' lang='lat' dir='ltr'>custode</span> <span class='ocrx_word' id='word_1_285' title='bbox 994 2488 1105 2527; x_wconf 88' lang='lat' dir='ltr'>mihi</span> <span class='ocrx_word' id='word_1_286' title='bbox 1128 2488 1212 2528; x_wconf 84' lang='lat' dir='ltr'>fuit</span> <span class='ocrx_word' id='word_1_287' title='bbox 1233 2489 1437 2530; x_wconf 79' lang='lat' dir='ltr'>relatum.</span> <span class='ocrx_word' id='word_1_288' title='bbox 1462 2488 1538 2527; x_wconf 89' lang='lat' dir='ltr'>sed</span> <span class='ocrx_word' id='word_1_289' title='bbox 1560 2489 1615 2527; x_wconf 88' lang='lat' dir='ltr'>ab</span> <span class='ocrx_word' id='word_1_290' title='bbox 1637 2488 1748 2539; x_wconf 90' lang='lat' dir='ltr'>ipsis</span> 
     </span>
     <span class='ocr_line' id='line_1_35' title="bbox 107 2551 1748 2605; baseline 0.001 -15"><span class='ocrx_word' id='word_1_291' title='bbox 107 2551 240 2590; x_wconf 87' lang='lat' dir='ltr'>etiam</span> <span class='ocrx_word' id='word_1_292' title='bbox 270 2551 412 2602; x_wconf 87' lang='lat' dir='ltr'>captis</span> <span class='ocrx_word' id='word_1_293' title='bbox 442 2551 606 2602; x_wconf 86' lang='lat' dir='ltr'>accepi,</span> <span class='ocrx_word' id='word_1_294' title='bbox 640 2563 685 2591; x_wconf 86' lang='lat' dir='ltr'>se</span> <span class='ocrx_word' id='word_1_295' title='bbox 716 2564 871 2592; x_wconf 88' lang='lat' dir='ltr'>omnes</span> <span class='ocrx_word' id='word_1_296' title='bbox 901 2553 1100 2604; x_wconf 89' lang='lat' dir='ltr'>quotidie</span> <span class='ocrx_word' id='word_1_297' title='bbox 1144 2554 1334 2605; x_wconf 79' lang='lat' dir='ltr'>genibus</span> <span class='ocrx_word' id='word_1_298' title='bbox 1369 2553 1494 2593; x_wconf 80' lang='lat' dir='ltr'>flexis</span> <span class='ocrx_word' id='word_1_299' title='bbox 1530 2553 1748 2593; x_wconf 85' lang='lat' dir='ltr'>laetanias</span> 
     </span>
     <span class='ocr_line' id='line_1_36' title="bbox 107 2617 1747 2669; baseline 0.001 -13"><span class='ocrx_word' id='word_1_300' title='bbox 107 2628 389 2665; x_wconf 83' lang='lat' dir='ltr'>coronamue‚</span> <span class='ocrx_word' id='word_1_301' title='bbox 416 2617 486 2656; x_wconf 91' lang='lat' dir='ltr'>uel</span> <span class='ocrx_word' id='word_1_302' title='bbox 508 2617 631 2657; x_wconf 86' lang='lat' dir='ltr'>aliud</span> <span class='ocrx_word' id='word_1_303' title='bbox 662 2617 838 2668; x_wconf 83' lang='lat' dir='ltr'>generis</span> <span class='ocrx_word' id='word_1_304' title='bbox 858 2618 1047 2658; x_wconf 90' lang='lat' dir='ltr'>huiusce</span> <span class='ocrx_word' id='word_1_305' title='bbox 1078 2619 1148 2669; x_wconf 91' lang='lat' dir='ltr'>pie</span> <span class='ocrx_word' id='word_1_306' title='bbox 1169 2619 1353 2658; x_wconf 87' lang='lat' dir='ltr'>recitare</span> <span class='ocrx_word' id='word_1_307' title='bbox 1374 2619 1548 2658; x_wconf 89' lang='lat' dir='ltr'>lucente</span> <span class='ocrx_word' id='word_1_308' title='bbox 1578 2619 1747 2669; x_wconf 85' lang='lat' dir='ltr'>lampa—</span> 
     </span>
     <span class='ocr_line' id='line_1_37' title="bbox 108 2681 1749 2735; baseline 0.001 -14"><span class='ocrx_word' id='word_1_309' title='bbox 108 2682 161 2721; x_wconf 90' lang='lat' dir='ltr'>de</span> <span class='ocrx_word' id='word_1_310' title='bbox 190 2681 204 2707; x_wconf 85' lang='lat' dir='ltr'><strong>f</strong></span> <span class='ocrx_word' id='word_1_311' title='bbox 243 2693 347 2732; x_wconf 90' lang='lat' dir='ltr'>prae</span> <span class='ocrx_word' id='word_1_312' title='bbox 377 2682 522 2722; x_wconf 88' lang='lat' dir='ltr'>altari.</span> <span class='ocrx_word' id='word_1_313' title='bbox 555 2681 628 2722; x_wconf 92' lang='lat' dir='ltr'>Nil</span> <span class='ocrx_word' id='word_1_314' title='bbox 657 2682 781 2722; x_wconf 90' lang='lat' dir='ltr'>aliud</span> <span class='ocrx_word' id='word_1_315' title='bbox 812 2683 874 2722; x_wconf 90' lang='lat' dir='ltr'>ibi</span> <span class='ocrx_word' id='word_1_316' title='bbox 905 2685 1036 2723; x_wconf 89' lang='lat' dir='ltr'>antea</span> <span class='ocrx_word' id='word_1_317' title='bbox 1066 2684 1346 2731; x_wconf 71' lang='lat' dir='ltr'>audiebatur,</span> <span class='ocrx_word' id='word_1_318' title='bbox 1370 2696 1504 2735; x_wconf 88' lang='lat' dir='ltr'>quam</span> <span class='ocrx_word' id='word_1_319' title='bbox 1534 2684 1749 2724; x_wconf 87' lang='lat' dir='ltr'>obtrecta-</span> 
     </span>
    </p>
   </div>
   <div class='ocr_carea' id='block_1_3' title="bbox 101 2836 1748 2985">
    <p class='ocr_par' dir='ltr' id='par_1_4' title="bbox 101 2836 1748 2985">
     <span class='ocr_line' id='line_1_38' title="bbox 169 2836 1748 2880; baseline 0.002 -12"><span class='ocrx_word' id='word_1_320' title='bbox 169 2844 187 2863; x_wconf 82' lang='lat' dir='ltr'>a</span> <span class='ocrx_word' id='word_1_321' title='bbox 219 2836 345 2869; x_wconf 76' lang='lat' dir='ltr'>Prc&#39;us</span> <span class='ocrx_word' id='word_1_322' title='bbox 369 2837 537 2869; x_wconf 77' lang='lat' dir='ltr'>externis</span> <span class='ocrx_word' id='word_1_323' title='bbox 560 2837 620 2877; x_wconf 61' lang='grc' dir='ltr'>(ἲ).</span> <span class='ocrx_word' id='word_1_324' title='bbox 645 2856 685 2859; x_wconf 93' lang='grc'><strong>-</strong></span> <span class='ocrx_word' id='word_1_325' title='bbox 709 2838 727 2863; x_wconf 82' lang='lat' dir='ltr'>h</span> <span class='ocrx_word' id='word_1_326' title='bbox 758 2837 845 2870; x_wconf 78' lang='lat' dir='ltr'>Duo</span> <span class='ocrx_word' id='word_1_327' title='bbox 867 2838 989 2870; x_wconf 72' lang='lat' dir='ltr'>verba</span> <span class='ocrx_word' id='word_1_328' title='bbox 1005 2848 1143 2880; x_wconf 72' lang='lat' dir='ltr'>praec.</span> <span class='ocrx_word' id='word_1_329' title='bbox 1170 2839 1295 2871; x_wconf 74' lang='lat' dir='ltr'>deleta</span> <span class='ocrx_word' id='word_1_330' title='bbox 1319 2840 1424 2871; x_wconf 72' lang='lat' dir='ltr'>sunt.</span> <span class='ocrx_word' id='word_1_331' title='bbox 1460 2858 1500 2862; x_wconf 94' lang='lat'>-—</span> <span class='ocrx_word' id='word_1_332' title='bbox 1524 2848 1538 2866; x_wconf 87' lang='lat' dir='ltr'>c</span> <span class='ocrx_word' id='word_1_333' title='bbox 1562 2839 1748 2871; x_wconf 69' lang='lat' dir='ltr'>Consum-</span> 
     </span>
     <span class='ocr_line' id='line_1_39' title="bbox 101 2890 1746 2934; baseline 0.002 -13"><span class='ocrx_word' id='word_1_334' title='bbox 101 2891 174 2931; x_wconf 77' lang='lat' dir='ltr'>pta</span> <span class='ocrx_word' id='word_1_335' title='bbox 199 2890 339 2922; x_wconf 76' lang='lat' dir='ltr'>charta</span> <span class='ocrx_word' id='word_1_336' title='bbox 366 2890 410 2922; x_wconf 75' lang='lat' dir='ltr'>in</span> <span class='ocrx_word' id='word_1_337' title='bbox 431 2891 508 2931; x_wconf 77' lang='lat' dir='ltr'>fine</span> <span class='ocrx_word' id='word_1_338' title='bbox 535 2899 686 2924; x_wconf 75' lang='lat' dir='ltr'>versus.</span> <span class='ocrx_word' id='word_1_339' title='bbox 711 2910 751 2914; x_wconf 94' lang='lat'>—</span> <span class='ocrx_word' id='word_1_340' title='bbox 773 2891 792 2917; x_wconf 86' lang='lat' dir='ltr'>d</span> <span class='ocrx_word' id='word_1_341' title='bbox 814 2891 1053 2933; x_wconf 75' lang='lat' dir='ltr'>Consumpta</span> <span class='ocrx_word' id='word_1_342' title='bbox 1077 2893 1231 2925; x_wconf 77' lang='lat' dir='ltr'>charta.</span> <span class='ocrx_word' id='word_1_343' title='bbox 1255 2911 1295 2915; x_wconf 90' lang='grc'><strong>-</strong></span> <span class='ocrx_word' id='word_1_344' title='bbox 1318 2901 1334 2919; x_wconf 75' lang='lat' dir='ltr'>e</span> <span class='ocrx_word' id='word_1_345' title='bbox 1355 2901 1482 2925; x_wconf 84' lang='lat' dir='ltr'>omnes</span> <span class='ocrx_word' id='word_1_346' title='bbox 1506 2902 1581 2925; x_wconf 90' lang='lat' dir='ltr'>uno</span> <span class='ocrx_word' id='word_1_347' title='bbox 1618 2902 1746 2934; x_wconf 71' lang='lat' dir='ltr'>supra</span> 
     </span>
     <span class='ocr_line' id='line_1_40' title="bbox 108 2943 675 2985; baseline 0.002 -10"><span class='ocrx_word' id='word_1_348' title='bbox 108 2952 210 2976; x_wconf 80' lang='lat' dir='ltr'>vers.</span> <span class='ocrx_word' id='word_1_349' title='bbox 235 2962 275 2966; x_wconf 93' lang='lat'>—</span> <span class='ocrx_word' id='word_1_350' title='bbox 298 2944 312 2970; x_wconf 85' lang='lat' dir='ltr'>f</span> <span class='ocrx_word' id='word_1_351' title='bbox 334 2943 460 2976; x_wconf 78' lang='lat' dir='ltr'>Prius</span> <span class='ocrx_word' id='word_1_352' title='bbox 491 2944 675 2985; x_wconf 83' lang='lat' dir='ltr'>lampada.</span> 
     </span>
    </p>
   </div>
   <div class='ocr_carea' id='block_1_4' title="bbox 108 3030 302 3034">
    <p class='ocr_par' dir='ltr' id='par_1_5' title="bbox 108 3030 302 3034">
     <span class='ocr_line' id='line_1_41' title="bbox 108 3030 302 3034; baseline 0 0"><span class='ocrx_word' id='word_1_353' title='bbox 108 3030 302 3034; x_wconf 95' lang='lat' dir='ltr'> </span> 
     </span>
    </p>
   </div>
   <div class='ocr_carea' id='block_1_5' title="bbox 308 3030 396 3033">
    <p class='ocr_par' dir='ltr' id='par_1_6' title="bbox 308 3030 396 3033">
     <span class='ocr_line' id='line_1_42' title="bbox 308 3030 396 3033; baseline 0 0"><span class='ocrx_word' id='word_1_354' title='bbox 308 3030 396 3033; x_wconf 95' lang='lat' dir='ltr'> </span> 
     </span>
    </p>
   </div>
   <div class='ocr_carea' id='block_1_6' title="bbox 171 3074 1287 3116">
    <p class='ocr_par' dir='ltr' id='par_1_7' title="bbox 171 3074 1287 3116">
     <span class='ocr_line' id='line_1_43' title="bbox 171 3074 1287 3116; baseline 0.002 -9"><span class='ocrx_word' id='word_1_355' title='bbox 171 3076 178 3093; x_wconf 90' lang='lat'>¹</span> <span class='ocrx_word' id='word_1_356' title='bbox 205 3074 362 3107; x_wconf 85' lang='lat' dir='ltr'>Ioannes</span> <span class='ocrx_word' id='word_1_357' title='bbox 386 3075 430 3108; x_wconf 89' lang='lat' dir='ltr'>de</span> <span class='ocrx_word' id='word_1_358' title='bbox 453 3075 668 3108; x_wconf 85' lang='lat' dir='ltr'>Maioribus.</span> <span class='ocrx_word' id='word_1_359' title='bbox 694 3075 746 3108; x_wconf 88' lang='lat' dir='ltr'>Cf.</span> <span class='ocrx_word' id='word_1_360' title='bbox 770 3076 865 3108; x_wconf 68' lang='lat' dir='ltr'>Litt.</span> <span class='ocrx_word' id='word_1_361' title='bbox 895 3076 1103 3115; x_wconf 61' lang='lat' dir='ltr'>Quadrima.</span> <span class='ocrx_word' id='word_1_362' title='bbox 1129 3077 1190 3116; x_wconf 85' lang='lat' dir='ltr'>VI,</span> <span class='ocrx_word' id='word_1_363' title='bbox 1215 3078 1287 3110; x_wconf 67' lang='lat'>484.</span> 
     </span>
    </p>
   </div>
  </div>
 </body>
</html>
