2028 3531
314 273 383 308 494
784 273 988 310 er'ranAE
1015 272 1361 317 anmmns-rnss

267 390 353 430 dici
375 391 500 438 solet,
524 391 673 431 fractis
701 391 950 431 ceruicibus
980 390 1248 430 retrocedere
1270 389 1399 439 (quae
1427 387 1582 427 diuina
1607 390 1672 428 est
1692 387 1883 438 bonitas)

267 458 450 507 cogatur
478 456 690 507 antiquus
719 456 901 496 humani
933 455 1106 507 generis
1137 454 1289 493 hostis.
1321 453 1441 492 Idem
1471 453 1554 492 hoc
1583 452 1792 503 temporis
1822 452 1886 491 in-

270 520 587 568 t'enssissimus,
618 521 655 560 si
687 532 878 572 vnquam
927 522 1043 567 ante,
1093 531 1198 558 sane
1242 518 1371 557 nobis
1399 524 1418 543 «Ἰ
1452 519 1584 568 atque
1626 516 1886 556 molestissi-

269 597 380 625 muS.
409 585 645 625 Continent
675 597 756 625 nos
784 597 937 625 omnes
967 585 1013 624 in
1043 585 1134 623 acie
1164 583 1182 609 ἲ)
1214 584 1294 622 hac
1322 584 1515 630 strenue,
1538 582 1628 621 Deo
1650 581 1708 621 sit
1727 582 1883 627 honor,

268 651 426 690 Rector
451 653 600 690 noster
628 653 657 697 ¹,
688 653 819 701 atque
850 650 1058 701 magister
1087 647 1319 688 Cornelius
1346 648 1377 694 2',
1410 646 1547 686 totius
1576 645 1748 696 collegij
1781 657 1885 685 con-

268 715 479 754 fessarius
509 715 604 766 (qui
647 715 734 755 duo
777 714 861 754 soli
904 714 1021 765 apud
1060 725 1141 752 nos
1170 715 1275 752 sunt
1305 711 1506 762 professi)
1537 713 1579 750 et
1608 723 1684 750 sex
1713 710 1787 761 alij
1820 722 1887 749 sa-

266 780 463 819 cerdotes
493 780 685 827 Domini,
712 791 900 831 quorum
934 790 1045 818 vnus
1077 778 1273 817 Adamus
1303 776 1466 823 Heller,
1492 776 1620 815 modo
1650 775 1887 815 vicerector

267 844 458 895 collegij,
491 844 710 895 primitias
739 856 844 884 suas
873 845 963 883 Deo
993 844 1090 894 Opt.
1125 843 1236 882 Max.
1270 842 1316 881 in
1346 841 1456 892 ipsis
1486 841 1765 880 Pentecostes
1804 840 1886 878 fes-

267 909 520 949 tiuitatibus
549 910 619 960 pie
648 910 823 949 obtulit.
857 909 929 959 Hij
963 908 1056 960 [sic]
1089 908 1237 957 itaque
1266 918 1420 946 omnes
1451 905 1654 956 precibus
1683 907 1725 944 et
1755 903 1887 944 sacri-

268 973 395 1023 ficijs,
419 975 565 1021 verbo,
588 974 875 1025 exemploque
906 973 1124 1024 imprimis
1154 971 1405 1022 inculpatae
1436 971 1565 1020 vitae,
1589 982 1639 1009 ac
1667 968 1886 1020 singulari

267 1039 458 1089 quadam
502 1039 721 1079 industria
750 1039 810 1088 id,
842 1051 918 1089 per
947 1038 1025 1077 Dei
1071 1037 1326 1085 bonitatem,
1364 1035 1573 1084 efficiunt,
1615 1037 1660 1074 vt
1688 1036 1731 1074 et
1758 1034 1887 1074 cada-

269 1116 368 1143 mus
411 1104 568 1150 rarius,
600 1106 642 1143 et
670 1115 907 1154 surgamus
949 1103 1081 1143 citius
1115 1104 1247 1152 atque
1277 1100 1536 1147 feruentius,
1569 1102 1611 1139 et
1639 1110 1888 1150 pugnemus

268 1168 494 1211 libentius,
526 1170 568 1207 et
597 1170 764 1208 stemus
806 1168 995 1215 cautius,
1027 1169 1069 1206 et
1099 1166 1329 1205 vincamus
1367 1164 1621 1204 iucundius.
1655 1164 1886 1203 Poeniten-

268 1232 352 1271 tias
375 1232 649 1272 voluntarias
669 1233 809 1272 multo
830 1232 1149 1283 frequentiores
1178 1242 1273 1269 esse
1302 1229 1487 1268 dixerim
1514 1229 1624 1279 ipsis
1649 1228 1883 1279 impositis.

270 1297 479 1348 Augescit
521 1297 567 1336 in
609 1297 704 1337 dies
748 1298 888 1348 magis
932 1297 1160 1347 magisque
1203 1294 1489 1334 obseruantia
1535 1306 1638 1345 erga
1682 1293 1885 1339 maiores

269 1364 422 1402 mutua
463 1362 671 1409 charitas,
703 1363 899 1402 studium
943 1360 1323 1401 ohseruandarum
1362 1360 1509 1410 legum
1541 1360 1814 1405 nostrarum3
1846 1359 1888 1397 et

268 1429 316 1466 ut
358 1427 492 1466 semel
536 1427 618 1466 hoc
660 1426 861 1474 dixerim,
894 1427 953 1465 ita
984 1426 1197 1465 charitate
1240 1426 1371 1475 atque
1415 1424 1607 1463 fraterno
1650 1434 1799 1462 amore
1842 1422 1887 1461 in

268 1491 396 1532 ChrO.
430 1492 557 1531 Ihesu
603 1494 806 1531 aestuant
850 1490 1072 1533 nonnulli,
1109 1492 1156 1529 ut
1198 1489 1488 1539 castigatione
1536 1488 1732 1538 corporis
1773 1487 1887 1526 Vltro

267 1559 486 1607 suscepta.
523 1557 666 1608 plagis
707 1557 793 1595 sibi
837 1556 947 1607 ipsis
991 1555 1226 1606 impositis,
1267 1556 1391 1593 tanta
1419 1553 1669 1593 constantia
1698 1553 1887 1592 aliorum

267 1624 445 1672 peccata
473 1622 645 1669 deflere,
677 1633 916 1672 eorumque
947 1623 1192 1660 restaurare
1222 1621 1374 1670 lapsus
1415 1619 1487 1670 pia
1528 1619 1728 1658 oratione
1770 1618 1886 1669 apud

268 1687 506 1726 Dominum
549 1675 839 1734 contendant,
865 1689 1030 1736 quanta
1076 1686 1149 1724 uix
1180 1686 1289 1724 forte.
1319 1697 1343 1723 a
1377 1684 1527 1724 multis
1569 1684 1687 1723 credi
1730 1683 1884 1734 possit.

268 1751 481 1801 Equidem
513 1763 602 1790 non
632 1751 787 1791 dubito
817 1751 1032 1801 quosdam
1057 1763 1079 1789 e
1102 1751 1265 1789 nostris
1294 1750 1403 1789 illud
1436 1749 1638 1800 attigisse
1663 1748 1889 1800 perfectio-

269 1817 338 1855 nis
382 1817 624 1865 fastigium,
657 1819 705 1856 ut
743 1817 874 1856 etiam
919 1816 1154 1855 anathema
1184 1815 1277 1855 fieri
1308 1828 1333 1854 a
1363 1814 1538 1855 Christo
1570 1826 1646 1865 pro
1677 1813 1888 1853 fratribus

267 1882 362 1920 suis
404 1882 583 1932 cupiant
615 1883 644 1921 ³.
677 1881 986 1920 Exaudiuntur
1029 1883 1171 1920 autem
1218 1891 1434 1931 pauperes
1478 1879 1641 1920 Christi
1681 1890 1886 1918 nonnun-

268 1958 424 1996 quamg
471 1948 682 1996 tantoque
725 1945 897 1985 feruore
940 1946 1038 1985 istis
1080 1946 1261 1997 auxilijs
1305 1946 1359 1985 ad
1403 1957 1477 1984 cor
1511 1943 1717 1983 nonnulli
1748 1943 1888 1983 redire

267 2011 488 2059 videntur,
512 2013 559 2050 ut
590 2011 709 2062 pium
742 2011 947 2061 quemuis
976 2011 1216 2057 hominem,
1240 2022 1343 2061 prae
1369 2009 1507 2049 nimio
1528 2009 1706 2060 gaudio,
1729 2009 1888 2047 horum

266 2076 581 2116 conuersiones
623 2076 679 2115 ad
708 2076 946 2115 Dominum
990 2076 1166 2127 adigere
1209 2076 1263 2115 ad
1306 2075 1556 2126 lachrymas
1586 2073 1771 2125 possint.
1804 2073 1888 2113 Sed

267 2141 320 2179 de
350 2141 420 2179 his
450 2141 591 2192 plura,
623 2152 713 2180 non
742 2140 914 2187 dubito,
946 2141 1166 2187 daremus,
1198 2140 1285 2179 nisi
1330 2140 1596 2190 frequentes,
1628 2140 1684 2178 ob
1726 2140 1887 2178 rectam

267 2205 403 2245 huius
431 2205 622 2256 collegij,
654 2208 695 2245 et
724 2205 928 2251 aliorum,
961 2205 1302 2253 institutionem,
1339 2204 1647 2244 distractiones
1677 2212 1692 2230 ‘³
1737 2214 1889 2254 perne-

267 2270 484 2310 cessariae
526 2271 769 2317 Rectorem,
808 2272 1083 2320 ‘nostrosque
1125 2270 1237 2309 alios
1285 2270 1452 2317 Patres,
1497 2269 1625 2321 quasi
1669 2268 1819 2308 furtim
1863 2280 1889 2307 a

269 2335 398 2374 nobis
427 2347 557 2386 saepe
586 2335 867 2375 abducerent.

347 2400 385 2440 3.
418 2399 541 2439 Missi
571 2402 675 2439 sunt
703 2401 894 2451 quatuor
922 2399 992 2438 his
1022 2400 1251 2439 mensibus
1289 2399 1394 2439 hinc
1435 2399 1539 2447 alio,
1571 2399 1781 2450 magister
1810 2397 1888 2438 Ca-

268 2465 389 2504 rolus
419 2464 556 2512 Grim,
588 2465 754 2511 dextra,
781 2466 827 2504 ut
846 2464 908 2503 ita
936 2464 1095 2511 dicam,
1128 2464 1308 2504 rectoris
1338 2464 1478 2504 nostri
1510 2475 1668 2503 manus
1698 2462 1732 2509 d,
1760 2462 1888 2503 Oeni-

268 2531 475 2579 pontum;
508 2531 557 2569 ut
586 2529 677 2568 illic
707 2529 848 2580 primo
879 2541 1055 2579 quoque
1085 2532 1278 2580 tempore
1317 2530 1462 2569 locum
1493 2531 1535 2569 et
1564 2527 1888 2580 suppellectilia

329 2725 347 2744 a
368 2717 474 2749 nobis
497 2726 623 2758 supra
645 2725 746 2748 vers.
771 2735 810 2739 —
833 2716 851 2743 b
872 2717 974 2749 aciae
998 2726 1067 2749 ma.
1093 2736 1131 2739 —
1154 2726 1169 2744 c
1189 2718 1313 2750 Prius
1340 2718 1636 2750 distractionem.
1654 2736 1693 2740 —
1716 2716 1734 2743 d
1755 2725 1888 2749 manus

266 2779 393 2811 snpra
419 2778 518 2802 vers.

332 2942 338 2957 ¹
365 2940 401 2972 P.
428 2940 584 2972 Ioannes
607 2939 652 2971 de
674 2939 850 2971 Victoria.

330 2994 342 3011 ⁵⁵
365 2992 401 3024 P.
427 2992 619 3024 Cornelius
641 2991 899 3033 Broghelman.

330 3047 341 3063 ²³
365 3045 416 3077 Ct.
442 3045 537 3077 Rom.
564 3043 623 3084 IX,
648 3045 677 3076 3.
