2028 3531
347 283 408 317 lot
812 281 1014 317 birrani-xie
1048 283 1239 326 QUAmuM
1251 292 1392 317 ις5τιυῡ5

293 400 456 452 quibus
486 400 537 438 20
565 399 707 448 capita
747 399 1072 449 speciosissima
1116 399 1334 438 sodalium
1379 400 1556 437 sanctae
1595 398 1777 437 x'rsulae
1823 410 1908 437 ma-

295 478 429 516 gnum
461 465 656 503 decorem
689 463 882 502 sacrario
911 464 1113 504 afferunt.
1149 464 1339 503 Duarum
1371 462 1779 513 virgimim'capita,
1811 475 1909 502 cum

297 530 499 581 plurimis
528 529 718 572 ossibus,
752 528 941 578 proprijs
971 529 1228 568 nominibus
1265 529 1414 566 notata
1458 529 1584 566 sunt:
1634 527 1705 565 vni
1751 539 1909 566 nomen

293 597 356 634 est
384 593 703 634 lntemerentia,
727 593 851 632 alteri
877 605 979 632 uero
1000 592 1200 633 Credula.
1227 593 1307 631 His
1327 592 1585 631 adiunctum
1611 593 1675 631 est
1702 603 1910 642 magnum

293 662 332 697 et
365 659 583 705 integrum
613 669 662 696 os
710 657 875 707 brachij
922 659 1098 696 sanctae
1142 658 1333 696 Barbare
1363 656 1412 695 Y.
1447 658 1487 694 et
1519 656 1572 695 M.
1605 667 1705 695 cum
1739 658 1912 705 aposto-

294 725 434 763 lorum
467 722 758 774 quorumdam
789 723 830 761 et
860 722 1151 772 plurimorum
1183 724 1435 760 sanctorum
1472 720 1686 771 reliquiis,
1723 731 1909 770 quorum

293 789 491 827 omnium
516 787 695 826 nomina
716 787 906 836 presenti
931 787 1010 826 hac
1032 787 1217 837 epistola
1244 786 1313 824 vix
1331 785 1699 836 comprehendere
1723 796 1908 835 possem.

298 854 382 892 lam
417 853 564 903 itaque
593 851 828 902 collegium
860 851 954 896 hoc.
986 851 1171 891 istorum
1207 852 1458 889 sanctorum
1503 849 1701 888 omnium
1748 848 1911 899 praeci-

294 919 391 965 bus,
424 917 639 957 aduersus
668 916 867 955 omnium
898 916 1091 956 hostium
1125 916 1352 966 impetum.
1395 917 1605 964 tanquam
1646 913 1912 952 firmissimis

295 982 513 1033 presidiis,
547 981 767 1021 munitum
802 992 896 1019 esse
939 992 1181 1031 speramus.
1230 979 1597 1030 Quandoquidem
1646 990 1760 1025 vero,
1807 980 1909 1017 tem-

294 1060 397 1099 pore
426 1045 716 1086 dissentionis
758 1045 873 1085 inter
913 1045 1152 1096 principem
1188 1047 1230 1083 et
1259 1044 1394 1088 ciues,
1440 1044 1521 1082 has
1564 1043 1693 1082 aedes
1737 1044 1913 1081 nostras

294 1113 599 1152 inhabitarunt
622 1110 801 1150 heretici
823 1113 864 1150 et
886 1110 1063 1154 milites,
1086 1110 1232 1149 omnis
1253 1108 1430 1160 pietatis
1451 1109 1622 1153 hostes;
1655 1119 1743 1158 quo
1767 1107 1913 1146 omnis

294 1176 662 1229 prophanationis
695 1187 745 1215 ac
780 1175 1035 1214 violationis
1078 1174 1316 1224 scrupulus
1359 1185 1410 1212 ex
1453 1172 1616 1211 animis
1661 1173 1913 1210 nostrorum

293 1243 542 1287 tolleretur;
577 1241 716 1280 voluit
747 1239 839 1280 ΒΨ
869 1239 1063 1290 episcopi
1095 1240 1405 1289 suffraganeus
1425 1237 1636 1276 sacellum
1659 1248 1757 1275 cum
1784 1235 1911 1275 altari

292 1307 547 1357 cerimonijs
575 1305 800 1345 consuetis
837 1304 1051 1355 pristinae
1094 1303 1318 1343 sanctitati
1363 1302 1615 1341 restituere:
1662 1312 1837 1352 quoque
1868 1300 1910 1339 id

293 1372 449 1412 maiori
479 1383 578 1411 cum
608 1369 860 1410 celebritate
890 1369 1025 1415 fieret,
1059 1368 1188 1407 nobis
1220 1367 1396 1418 penitus
1425 1365 1751 1417 ignorantibus,
1787 1376 1913 1403 vene-

293 1438 477 1478 rabilem
499 1437 558 1476 ‘'D.
591 1436 795 1474 abbatem
825 1434 893 1474 Sfi
918 1434 1108 1473 Mathiae
1137 1444 1235 1472 cum
1269 1431 1500 1471 nonnullis
1534 1430 1636 1481 alijs
1669 1429 1778 1469 viris
1817 1429 1914 1468 reli—

292 1503 430 1555 giosis
463 1513 611 1541 secum
650 1499 849 1542 adduxit,
881 1499 957 1550 qui
987 1501 1120 1538 cantu
1150 1510 1230 1537 suo
1261 1498 1325 1545 (in
1355 1508 1442 1547 quo
1473 1495 1654 1535 minime
1700 1506 1781 1534 nos
1825 1506 1913 1534 ver-

292 1572 413 1609 satos
458 1567 711 1618 cogitabat),
757 1566 840 1604 hoc
881 1576 1055 1604 sacrum
1103 1563 1293 1603 officium
1342 1563 1564 1601 ornarent.
1611 1561 1695 1600 Vix
1740 1571 1911 1610 possem

293 1634 433 1674 literis
462 1632 680 1683 explicare
710 1630 845 1670 huius
875 1628 963 1669 Rfli
995 1629 1045 1668 D.
1079 1627 1349 1678 suffraganei
1391 1626 1654 1666 beneuolum
1694 1637 1797 1675 erga
1832 1636 1913 1663 nos

293 1699 507 1745 animum,
539 1696 615 1748 qui
645 1695 815 1735 nullam
861 1694 1205 1745 oportunitatem
1251 1691 1457 1742 preterire
1500 1692 1657 1741 potest,
1703 1702 1789 1741 qua
1833 1701 1914 1728 nos

293 1764 411 1815 apud
440 1773 593 1802 omnes
623 1760 810 1800 summis
852 1759 1061 1799 laudibus
1098 1770 1186 1796 non
1215 1757 1381 1805 efferat,
1414 1768 1463 1795 ac
1493 1755 1671 1806 pietatis
1700 1757 1738 1794 et
1770 1754 1913 1793 erudi-

294 1829 428 1868 tionis
458 1826 651 1878 graciam
681 1824 979 1871 commendet3
1025 1823 1070 1862 id
1113 1822 1228 1873 quod
1276 1833 1375 1861 cum
1420 1821 1465 1860 in
1510 1819 1700 1871 publicis
1729 1819 1824 1858 suis
1859 1819 1909 1857 ad

295 1894 507 1945 populum
536 1890 842 1937 concionibus,
878 1891 969 1928 tum
1002 1889 1047 1927 in
1078 1887 1354 1927 sacerdotum
1397 1884 1756 1925 ordinationibus
1794 1883 1909 1923 facit.

294 1959 414 1998 Idem
445 1956 574 1996 nobis
603 1955 723 1994 hisce
753 1954 910 1993 diebus
948 1952 1114 1997 retulit,
1146 1963 1192 1990 se
1223 1951 1269 1990 in
1300 1950 1522 1989 mandatis
1552 1961 1576 1988 a
1606 1949 1710 1988 R.¹¹¹0
1740 1947 1913 1998 presule

292 2023 513 2073 accepisse
544 2023 590 2060 ut
620 2019 855 2069 diligenter
887 2017 1149 2068 prospiceret
1181 2027 1234 2054 ne
1263 2015 1371 2066 quid
1400 2014 1586 2065 collegio
1629 2013 1812 2058 deesset,
1854 2011 1914 2050 ita

293 2088 411 2128 enim
441 2086 571 2125 nobis
600 2084 804 2123 affectum
835 2094 931 2121 esse
960 2081 1117 2120 asserit
1149 2081 1164 2118 l
1191 2088 1300 2123 ΛΜΝ,
1334 2081 1381 2119 ut
1406 2079 1449 2117 in
1482 2077 1690 2117 omnibus
1712 2079 1798 2116 fere
1828 2088 1912 2115 ser-

294 2153 502 2193 monibus
531 2150 626 2189 suis
656 2148 952 2188 familiaribus
982 2145 1122 2185 nostri
1155 2145 1421 2183 mentionem
1452 2155 1552 2183 cum
1582 2142 1744 2194 gaudio
1766 2141 1910 2180 faciat.

371 2218 408 2258 02.
440 2217 644 2267 Superest
694 2225 826 2259 nunc,
883 2212 986 2252 Rde.
1018 2211 1064 2250 in
1108 2210 1237 2261 Xpo..
1271 2212 1317 2249 ut
1360 2209 1609 2248 studiorum
1660 2209 1911 2246 nostrorum

296 2282 621 2323 institutionem
650 2292 700 2319 ac
729 2277 1012 2318 domesticam
1058 2274 1424 2315 consuetudinem
1454 2273 1742 2312 declaremus.
1781 2271 1912 2309 Ante-

293 2360 426 2400 quam
470 2347 606 2397 igitur
647 2344 858 2384 lectiones
901 2342 947 2381 in
990 2341 1071 2380 bac
1114 2339 1338 2378 academia
1380 2338 1704 2381 inchoaremus,
1741 2335 1911 2375 curauit

295 2415 420 2454 Rstfflffi
450 2412 635 2451 antistes
664 2409 913 2459 catalogum
944 2418 969 2445 a
1013 2405 1176 2444 nostris
1215 2403 1513 2453 conscriptum
1549 2402 1666 2453 typis
1695 2399 1911 2445 mandari,

294 2492 344 2519 ac
387 2490 463 2529 per
509 2476 713 2516 ciuitates
760 2472 1036 2518 Germaniae,
1086 2469 1271 2518 Galliae,
1321 2470 1363 2507 et
1411 2467 1643 2506 Flandriae
1690 2463 1912 2511 distribui,

294 2555 483 2595 quorum
526 2541 697 2591 aliquot
738 2536 1005 2588 exemplaria
1049 2535 1136 2574 iam
1177 2534 1361 2572 Romam
1392 2532 1609 2571 misimus.
1645 2530 1739 2569 lllis
1768 2531 1912 2568 autem

294 2608 508 2658 catalogis
529 2606 663 2645 huius
684 2602 932 2643 academiae
953 2600 1173 2650 collapsae
1191 2597 1570 2647 restaurationem,
1588 2599 1762 2645 tempus
1782 2593 1913 2633 etiam

294 2673 572 2714 orationibus
602 2668 840 2709 recitandis
873 2678 922 2706 ac
955 2665 1192 2705 lectionum
1229 2663 1357 2702 initio
1387 2662 1662 2712 assignatum
1693 2658 1915 2710 aperieba-

295 2750 408 2778 mus.
442 2738 594 2787 Itaque
622 2736 677 2774 30.
712 2731 935 2782 Februarij
969 2741 1068 2770 cum
1112 2729 1287 2768 duobus
1330 2725 1707 2777 subsequentibus
1741 2723 1911 2765 diebus,

296 2804 342 2843 in
371 2802 523 2842 schola
544 2800 679 2839 huius
699 2795 1004 2837 Vniuersitatis
1024 2792 1315 2844 amplissima,
1339 2793 1379 2830 et
1401 2789 1712 2830 honestissime
1741 2788 1911 2827 ornata.

296 2869 341 2908 in
372 2867 604 2907 hominum
648 2863 841 2903 maxima
884 2858 1184 2904 multitudine,
1217 2870 1240 2896 a
1271 2857 1414 2895 tribus
1457 2854 1782 2906 professoribus
1816 2864 1914 2890 ora-

295 2933 439 2972 tiones
470 2934 556 2970 tres
600 2929 804 2968 recitatae
834 2927 961 2972 sunt;
1008 2934 1194 2974 quarum
1227 2920 1346 2972 prior
1376 2922 1570 2959 veterum
1593 2915 1913 2958 treuerensium

296 2997 450 3037 laudes
478 2998 519 3035 et
549 2993 799 3034 studiorum
828 3001 1010 3041 scopum
1053 2986 1279 3037 complexa
1324 2987 1402 3024 est.
1449 2983 1650 3024 Secunda
1679 2981 1843 3021 latinae
1872 2981 1912 3018 et

296 3073 447 3113 grecae
477 3060 655 3111 linguae
685 3053 1134 3097 commendationem:
1167 3050 1295 3089 tertia
1316 3061 1417 3088 vero
1448 3047 1695 3098 theologiae
1715 3043 1913 3085 encomia
