<?xml version="1.0" encoding="UTF-8"?>
<!DOCTYPE html PUBLIC "-//W3C//DTD XHTML 1.0 Transitional//EN"
    "http://www.w3.org/TR/xhtml1/DTD/xhtml1-transitional.dtd">
<html xmlns="http://www.w3.org/1999/xhtml" xml:lang="en" lang="en">
 <head>
  <title>
</title>
<meta http-equiv="Content-Type" content="text/html;charset=utf-8" />
  <meta name='ocr-system' content='tesseract 3.04.00' />
  <meta name='ocr-capabilities' content='ocr_page ocr_carea ocr_par ocr_line ocrx_word'/>
</head>
<body>
  <div class='ocr_page' id='page_1' title='image "./litteraequadrime1907lain_0308.png"; bbox 0 0 2028 3531; ppageno 0'>
   <div class='ocr_carea' id='block_1_1' title="bbox 338 286 1390 333">
    <p class='ocr_par' dir='ltr' id='par_1_1' title="bbox 338 286 1390 333">
     <span class='ocr_line' id='line_1_1' title="bbox 338 286 1390 333; baseline 0.002 -11"><span class='ocrx_word' id='word_1_1' title='bbox 338 286 406 322; x_wconf 62' lang='lat'><strong>0282}</strong></span> <span class='ocrx_word' id='word_1_2' title='bbox 808 287 1012 324; x_wconf 74' lang='lat' dir='ltr'><strong>LITTERAE</strong></span> <span class='ocrx_word' id='word_1_3' title='bbox 1046 288 1236 333; x_wconf 78' lang='lat' dir='ltr'>QuAan</span> <span class='ocrx_word' id='word_1_4' title='bbox 1246 299 1390 324; x_wconf 72' lang='lat' dir='ltr'>sssrnns</span> 
     </span>
    </p>
   </div>
   <div class='ocr_carea' id='block_1_2' title="bbox 287 404 1913 2529">
    <p class='ocr_par' dir='ltr' id='par_1_2' title="bbox 287 404 1910 1221">
     <span class='ocr_line' id='line_1_2' title="bbox 288 404 1906 458; baseline 0.002 -14"><span class='ocrx_word' id='word_1_5' title='bbox 288 404 470 444; x_wconf 89' lang='lat' dir='ltr'>Rectore</span> <span class='ocrx_word' id='word_1_6' title='bbox 499 407 665 452; x_wconf 88' lang='lat' dir='ltr'>nostro,</span> <span class='ocrx_word' id='word_1_7' title='bbox 696 417 825 456; x_wconf 89' lang='lat' dir='ltr'>quem</span> <span class='ocrx_word' id='word_1_8' title='bbox 856 405 939 445; x_wconf 91' lang='lat' dir='ltr'>sibi</span> <span class='ocrx_word' id='word_1_9' title='bbox 975 406 1128 445; x_wconf 85' lang='lat' dir='ltr'>adesse</span> <span class='ocrx_word' id='word_1_10' title='bbox 1163 405 1456 456; x_wconf 74' lang='lat' dir='ltr'>postularant,</span> <span class='ocrx_word' id='word_1_11' title='bbox 1479 408 1522 446; x_wconf 92' lang='lat' dir='ltr'>et</span> <span class='ocrx_word' id='word_1_12' title='bbox 1549 418 1701 446; x_wconf 90' lang='lat' dir='ltr'>eorum</span> <span class='ocrx_word' id='word_1_13' title='bbox 1730 419 1906 458; x_wconf 91' lang='lat' dir='ltr'>quoque</span> 
     </span>
     <span class='ocr_line' id='line_1_3' title="bbox 288 469 1906 521; baseline 0.002 -13"><span class='ocrx_word' id='word_1_14' title='bbox 288 470 505 520; x_wconf 88' lang='lat' dir='ltr'>praefecto</span> <span class='ocrx_word' id='word_1_15' title='bbox 547 470 797 510; x_wconf 89' lang='lat' dir='ltr'>comitante.</span> <span class='ocrx_word' id='word_1_16' title='bbox 841 469 1024 521; x_wconf 89' lang='lat' dir='ltr'>Sequuti</span> <span class='ocrx_word' id='word_1_17' title='bbox 1066 472 1171 510; x_wconf 92' lang='lat' dir='ltr'>sunt</span> <span class='ocrx_word' id='word_1_18' title='bbox 1212 469 1503 518; x_wconf 89' lang='lat' dir='ltr'>conuictores,</span> <span class='ocrx_word' id='word_1_19' title='bbox 1534 471 1623 510; x_wconf 90' lang='lat' dir='ltr'>alio</span> <span class='ocrx_word' id='word_1_20' title='bbox 1661 471 1746 518; x_wconf 94' lang='lat' dir='ltr'>die,</span> <span class='ocrx_word' id='word_1_21' title='bbox 1778 471 1906 512; x_wconf 89' lang='lat' dir='ltr'>Patre</span> 
     </span>
     <span class='ocr_line' id='line_1_4' title="bbox 289 533 1906 586; baseline 0.002 -14"><span class='ocrx_word' id='word_1_22' title='bbox 289 533 472 573; x_wconf 88' lang='lat' dir='ltr'>Rectore</span> <span class='ocrx_word' id='word_1_23' title='bbox 500 533 632 573; x_wconf 88' lang='lat' dir='ltr'>etiam</span> <span class='ocrx_word' id='word_1_24' title='bbox 674 534 730 573; x_wconf 89' lang='lat' dir='ltr'>ab</span> <span class='ocrx_word' id='word_1_25' title='bbox 759 533 862 585; x_wconf 83' lang='lat' dir='ltr'>alijs</span> <span class='ocrx_word' id='word_1_26' title='bbox 890 536 1069 574; x_wconf 89' lang='lat' dir='ltr'>exorato</span> <span class='ocrx_word' id='word_1_27' title='bbox 1100 536 1141 573; x_wconf 87' lang='lat' dir='ltr'>vt</span> <span class='ocrx_word' id='word_1_28' title='bbox 1173 534 1343 573; x_wconf 83' lang='lat' dir='ltr'>adesset</span> <span class='ocrx_word' id='word_1_29' title='bbox 1373 545 1473 574; x_wconf 91' lang='lat' dir='ltr'>cum</span> <span class='ocrx_word' id='word_1_30' title='bbox 1507 534 1609 585; x_wconf 85' lang='lat' dir='ltr'>alijs</span> <span class='ocrx_word' id='word_1_31' title='bbox 1638 535 1906 586; x_wconf 89' lang='lat' dir='ltr'>quibusdam</span> 
     </span>
     <span class='ocr_line' id='line_1_5' title="bbox 288 597 1905 649; baseline 0.002 -13"><span class='ocrx_word' id='word_1_32' title='bbox 288 597 513 638; x_wconf 84' lang='lat' dir='ltr'>fratribus.</span> <span class='ocrx_word' id='word_1_33' title='bbox 547 598 610 637; x_wconf 92' lang='lat' dir='ltr'>Ac</span> <span class='ocrx_word' id='word_1_34' title='bbox 640 598 830 638; x_wconf 88' lang='lat' dir='ltr'>fructum</span> <span class='ocrx_word' id='word_1_35' title='bbox 859 610 912 638; x_wconf 87' lang='lat' dir='ltr'>ex</span> <span class='ocrx_word' id='word_1_36' title='bbox 941 598 1017 638; x_wconf 90' lang='lat' dir='ltr'>illa</span> <span class='ocrx_word' id='word_1_37' title='bbox 1046 610 1278 649; x_wconf 90' lang='lat' dir='ltr'>corporum</span> <span class='ocrx_word' id='word_1_38' title='bbox 1309 598 1592 648; x_wconf 83' lang='lat' dir='ltr'>percussione</span> <span class='ocrx_word' id='word_1_39' title='bbox 1621 601 1905 639; x_wconf 89' lang='lat' dir='ltr'>consecutum</span> 
     </span>
     <span class='ocr_line' id='line_1_6' title="bbox 287 662 1907 715; baseline 0.001 -14"><span class='ocrx_word' id='word_1_40' title='bbox 287 673 397 709; x_wconf 91' lang='lat' dir='ltr'>esse,</span> <span class='ocrx_word' id='word_1_41' title='bbox 431 662 497 701; x_wconf 90' lang='lat' dir='ltr'>vel</span> <span class='ocrx_word' id='word_1_42' title='bbox 541 662 643 701; x_wconf 92' lang='lat' dir='ltr'>inde</span> <span class='ocrx_word' id='word_1_43' title='bbox 671 663 908 711; x_wconf 89' lang='lat' dir='ltr'>cernimus,</span> <span class='ocrx_word' id='word_1_44' title='bbox 938 664 1055 715; x_wconf 91' lang='lat' dir='ltr'>quod</span> <span class='ocrx_word' id='word_1_45' title='bbox 1101 664 1351 714; x_wconf 81' lang='lat' dir='ltr'>praesentes</span> <span class='ocrx_word' id='word_1_46' title='bbox 1386 662 1451 702; x_wconf 93' lang='lat' dir='ltr'>illi</span> <span class='ocrx_word' id='word_1_47' title='bbox 1482 663 1602 703; x_wconf 91' lang='lat' dir='ltr'>velut</span> <span class='ocrx_word' id='word_1_48' title='bbox 1630 675 1683 703; x_wconf 86' lang='lat' dir='ltr'>ex</span> <span class='ocrx_word' id='word_1_49' title='bbox 1713 664 1831 715; x_wconf 91' lang='lat' dir='ltr'>lupis</span> <span class='ocrx_word' id='word_1_50' title='bbox 1861 664 1907 704; x_wconf 92' lang='lat' dir='ltr'>in</span> 
     </span>
     <span class='ocr_line' id='line_1_7' title="bbox 288 727 1908 779; baseline 0.002 -13"><span class='ocrx_word' id='word_1_51' title='bbox 288 738 427 777; x_wconf 89' lang='lat' dir='ltr'>agnos</span> <span class='ocrx_word' id='word_1_52' title='bbox 470 727 627 767; x_wconf 89' lang='lat' dir='ltr'>mutati</span> <span class='ocrx_word' id='word_1_53' title='bbox 658 739 977 775; x_wconf 84' lang='lat' dir='ltr'>mansuescere,</span> <span class='ocrx_word' id='word_1_54' title='bbox 1009 730 1101 768; x_wconf 89' lang='lat' dir='ltr'>tum</span> <span class='ocrx_word' id='word_1_55' title='bbox 1147 729 1492 779; x_wconf 89' lang='lat' dir='ltr'>praeceptorum,</span> <span class='ocrx_word' id='word_1_56' title='bbox 1523 740 1636 778; x_wconf 93' lang='lat' dir='ltr'>quos</span> <span class='ocrx_word' id='word_1_57' title='bbox 1669 730 1770 768; x_wconf 90' lang='lat' dir='ltr'>ante</span> <span class='ocrx_word' id='word_1_58' title='bbox 1800 740 1908 769; x_wconf 92' lang='lat' dir='ltr'>non-</span> 
     </span>
     <span class='ocr_line' id='line_1_8' title="bbox 288 792 1905 844; baseline 0.002 -14"><span class='ocrx_word' id='word_1_59' title='bbox 288 804 485 842; x_wconf 85' lang='lat' dir='ltr'>unquam</span> <span class='ocrx_word' id='word_1_60' title='bbox 516 792 639 832; x_wconf 85' lang='lat' dir='ltr'>flocci</span> <span class='ocrx_word' id='word_1_61' title='bbox 674 793 938 843; x_wconf 79' lang='lat' dir='ltr'>pendebant,</span> <span class='ocrx_word' id='word_1_62' title='bbox 970 793 1168 844; x_wconf 86' lang='lat' dir='ltr'>imperiis</span> <span class='ocrx_word' id='word_1_63' title='bbox 1197 792 1329 832; x_wconf 90' lang='lat' dir='ltr'>solito</span> <span class='ocrx_word' id='word_1_64' title='bbox 1359 793 1501 844; x_wconf 91' lang='lat' dir='ltr'>magis</span> <span class='ocrx_word' id='word_1_65' title='bbox 1532 805 1693 833; x_wconf 90' lang='lat' dir='ltr'>morem</span> <span class='ocrx_word' id='word_1_66' title='bbox 1743 805 1905 844; x_wconf 83' lang='lat' dir='ltr'>gerere,</span> 
     </span>
     <span class='ocr_line' id='line_1_9' title="bbox 288 857 1909 909; baseline 0.001 -14"><span class='ocrx_word' id='word_1_67' title='bbox 288 859 330 896; x_wconf 91' lang='lat' dir='ltr'>et</span> <span class='ocrx_word' id='word_1_68' title='bbox 358 857 548 908; x_wconf 89' lang='lat' dir='ltr'>denique</span> <span class='ocrx_word' id='word_1_69' title='bbox 577 869 629 896; x_wconf 82' lang='lat' dir='ltr'>ex</span> <span class='ocrx_word' id='word_1_70' title='bbox 659 857 821 908; x_wconf 83' lang='lat' dir='ltr'>agresti</span> <span class='ocrx_word' id='word_1_71' title='bbox 865 857 1126 909; x_wconf 90' lang='lat' dir='ltr'>inciuilique</span> <span class='ocrx_word' id='word_1_72' title='bbox 1161 858 1276 896; x_wconf 91' lang='lat' dir='ltr'>vitae</span> <span class='ocrx_word' id='word_1_73' title='bbox 1318 858 1639 898; x_wconf 86' lang='lat' dir='ltr'>consuetudine</span> <span class='ocrx_word' id='word_1_74' title='bbox 1668 858 1723 897; x_wconf 87' lang='lat' dir='ltr'>ad</span> <span class='ocrx_word' id='word_1_75' title='bbox 1753 858 1909 898; x_wconf 90' lang='lat' dir='ltr'>huma-</span> 
     </span>
     <span class='ocr_line' id='line_1_10' title="bbox 288 922 1905 973; baseline 0.001 -13"><span class='ocrx_word' id='word_1_76' title='bbox 288 922 470 961; x_wconf 88' lang='lat' dir='ltr'>nitatem</span> <span class='ocrx_word' id='word_1_77' title='bbox 500 924 543 961; x_wconf 93' lang='lat' dir='ltr'>et</span> <span class='ocrx_word' id='word_1_78' title='bbox 572 922 775 973; x_wconf 86' lang='lat' dir='ltr'>pietatem</span> <span class='ocrx_word' id='word_1_79' title='bbox 816 934 912 963; x_wconf 90' lang='lat' dir='ltr'>sese</span> <span class='ocrx_word' id='word_1_80' title='bbox 940 923 1164 963; x_wconf 81' lang='lat' dir='ltr'>effinxisse</span> <span class='ocrx_word' id='word_1_81' title='bbox 1194 922 1441 962; x_wconf 86' lang='lat' dir='ltr'>videantur.</span> <span class='ocrx_word' id='word_1_82' title='bbox 1475 923 1568 962; x_wconf 91' lang='lat' dir='ltr'>Hoc</span> <span class='ocrx_word' id='word_1_83' title='bbox 1597 923 1905 962; x_wconf 90' lang='lat' dir='ltr'>bacchanalio-</span> 
     </span>
     <span class='ocr_line' id='line_1_11' title="bbox 289 987 1909 1038; baseline 0.001 -13"><span class='ocrx_word' id='word_1_84' title='bbox 289 997 387 1025; x_wconf 89' lang='lat' dir='ltr'>rum</span> <span class='ocrx_word' id='word_1_85' title='bbox 424 998 565 1037; x_wconf 85' lang='lat' dir='ltr'>genus</span> <span class='ocrx_word' id='word_1_86' title='bbox 595 987 723 1027; x_wconf 91' lang='lat' dir='ltr'>multi</span> <span class='ocrx_word' id='word_1_87' title='bbox 764 988 1006 1038; x_wconf 89' lang='lat' dir='ltr'>probarunt</span> <span class='ocrx_word' id='word_1_88' title='bbox 1035 989 1276 1038; x_wconf 89' lang='lat' dir='ltr'>magnates.</span> <span class='ocrx_word' id='word_1_89' title='bbox 1314 987 1547 1027; x_wconf 87' lang='lat' dir='ltr'>Institutae</span> <span class='ocrx_word' id='word_1_90' title='bbox 1583 989 1803 1038; x_wconf 90' lang='lat' dir='ltr'>praeterea</span> <span class='ocrx_word' id='word_1_91' title='bbox 1835 999 1909 1038; x_wconf 91' lang='lat' dir='ltr'>per</span> 
     </span>
     <span class='ocr_line' id='line_1_12' title="bbox 287 1051 1909 1103; baseline 0.001 -13"><span class='ocrx_word' id='word_1_92' title='bbox 287 1051 671 1102; x_wconf 84' lang='lat' dir='ltr'>quadragesimam</span> <span class='ocrx_word' id='word_1_93' title='bbox 719 1052 898 1092; x_wconf 83' lang='lat' dir='ltr'>fuerunt</span> <span class='ocrx_word' id='word_1_94' title='bbox 938 1053 1085 1092; x_wconf 90' lang='lat' dir='ltr'>carnis</span> <span class='ocrx_word' id='word_1_95' title='bbox 1132 1051 1506 1101; x_wconf 85' lang='lat' dir='ltr'>mortificationes,</span> <span class='ocrx_word' id='word_1_96' title='bbox 1551 1054 1644 1092; x_wconf 90' lang='lat' dir='ltr'>tum</span> <span class='ocrx_word' id='word_1_97' title='bbox 1690 1052 1909 1103; x_wconf 87' lang='lat' dir='ltr'>generalis</span> 
     </span>
     <span class='ocr_line' id='line_1_13' title="bbox 288 1116 1910 1168; baseline 0.001 -13"><span class='ocrx_word' id='word_1_98' title='bbox 288 1116 539 1156; x_wconf 86' lang='lat' dir='ltr'>celebrandi</span> <span class='ocrx_word' id='word_1_99' title='bbox 568 1117 761 1168; x_wconf 86' lang='lat' dir='ltr'>concilij,</span> <span class='ocrx_word' id='word_1_100' title='bbox 794 1120 887 1158; x_wconf 90' lang='lat' dir='ltr'>tum</span> <span class='ocrx_word' id='word_1_101' title='bbox 918 1120 1118 1158; x_wconf 88' lang='lat' dir='ltr'>votorum</span> <span class='ocrx_word' id='word_1_102' title='bbox 1153 1116 1343 1156; x_wconf 89' lang='lat' dir='ltr'>aliorum</span> <span class='ocrx_word' id='word_1_103' title='bbox 1372 1118 1414 1156; x_wconf 91' lang='lat' dir='ltr'>et</span> <span class='ocrx_word' id='word_1_104' title='bbox 1443 1116 1620 1168; x_wconf 91' lang='lat' dir='ltr'>pietatis</span> <span class='ocrx_word' id='word_1_105' title='bbox 1650 1128 1910 1167; x_wconf 90' lang='lat' dir='ltr'>promouen-</span> 
     </span>
     <span class='ocr_line' id='line_1_14' title="bbox 288 1180 550 1221; baseline 0.004 -2"><span class='ocrx_word' id='word_1_106' title='bbox 288 1180 369 1220; x_wconf 90' lang='lat' dir='ltr'>dae</span> <span class='ocrx_word' id='word_1_107' title='bbox 402 1192 550 1221; x_wconf 90' lang='lat' dir='ltr'>causa.</span> 
     </span>
    </p>

    <p class='ocr_par' dir='ltr' id='par_1_3' title="bbox 289 1245 1913 2529">
     <span class='ocr_line' id='line_1_15' title="bbox 366 1245 1909 1299; baseline 0.001 -15"><span class='ocrx_word' id='word_1_108' title='bbox 366 1246 405 1285; x_wconf 83' lang='lat'>6.</span> <span class='ocrx_word' id='word_1_109' title='bbox 439 1245 637 1295; x_wconf 87' lang='lat' dir='ltr'>Quatuor</span> <span class='ocrx_word' id='word_1_110' title='bbox 678 1259 731 1286; x_wconf 88' lang='lat' dir='ltr'>ex</span> <span class='ocrx_word' id='word_1_111' title='bbox 773 1248 938 1287; x_wconf 87' lang='lat' dir='ltr'>uostris</span> <span class='ocrx_word' id='word_1_112' title='bbox 984 1248 1067 1287; x_wconf 87' lang='lat' dir='ltr'>hac</span> <span class='ocrx_word' id='word_1_113' title='bbox 1108 1247 1448 1299; x_wconf 87' lang='lat' dir='ltr'>quadragesima</span> <span class='ocrx_word' id='word_1_114' title='bbox 1491 1247 1629 1287; x_wconf 89' lang='lat' dir='ltr'>sacris</span> <span class='ocrx_word' id='word_1_115' title='bbox 1676 1246 1909 1286; x_wconf 88' lang='lat' dir='ltr'>ordinibus</span> 
     </span>
     <span class='ocr_line' id='line_1_16' title="bbox 289 1311 1909 1363; baseline 0.001 -14"><span class='ocrx_word' id='word_1_116' title='bbox 289 1312 394 1350; x_wconf 90' lang='lat' dir='ltr'>sunt</span> <span class='ocrx_word' id='word_1_117' title='bbox 423 1311 610 1359; x_wconf 86' lang='lat' dir='ltr'>initiati;</span> <span class='ocrx_word' id='word_1_118' title='bbox 643 1314 731 1351; x_wconf 92' lang='lat' dir='ltr'>tres</span> <span class='ocrx_word' id='word_1_119' title='bbox 760 1312 863 1352; x_wconf 88' lang='lat' dir='ltr'>facti</span> <span class='ocrx_word' id='word_1_120' title='bbox 893 1313 1156 1357; x_wconf 78' lang='lat' dir='ltr'>sacerdotes,</span> <span class='ocrx_word' id='word_1_121' title='bbox 1179 1314 1365 1363; x_wconf 89' lang='lat' dir='ltr'>quartus</span> <span class='ocrx_word' id='word_1_122' title='bbox 1394 1324 1497 1352; x_wconf 91' lang='lat' dir='ltr'>vero</span> <span class='ocrx_word' id='word_1_123' title='bbox 1526 1311 1842 1359; x_wconf 87' lang='lat' dir='ltr'>subdiaconus,</span> <span class='ocrx_word' id='word_1_124' title='bbox 1860 1323 1909 1350; x_wconf 90' lang='lat' dir='ltr'>ac</span> 
     </span>
     <span class='ocr_line' id='line_1_17' title="bbox 289 1375 1910 1428; baseline 0.001 -14"><span class='ocrx_word' id='word_1_125' title='bbox 289 1387 430 1426; x_wconf 88' lang='lat' dir='ltr'>nuper</span> <span class='ocrx_word' id='word_1_126' title='bbox 458 1375 673 1416; x_wconf 89' lang='lat' dir='ltr'>diaconus</span> <span class='ocrx_word' id='word_1_127' title='bbox 714 1377 896 1417; x_wconf 85' lang='lat' dir='ltr'>effectus</span> <span class='ocrx_word' id='word_1_128' title='bbox 938 1379 1016 1417; x_wconf 92' lang='lat' dir='ltr'>est.</span> <span class='ocrx_word' id='word_1_129' title='bbox 1051 1378 1097 1416; x_wconf 84' lang='lat' dir='ltr'>P.</span> <span class='ocrx_word' id='word_1_130' title='bbox 1131 1378 1289 1416; x_wconf 83' lang='lat' dir='ltr'>Rector</span> <span class='ocrx_word' id='word_1_131' title='bbox 1330 1379 1521 1428; x_wconf 88' lang='lat' dir='ltr'>quatuor</span> <span class='ocrx_word' id='word_1_132' title='bbox 1549 1378 1650 1415; x_wconf 92' lang='lat' dir='ltr'>vota</span> <span class='ocrx_word' id='word_1_133' title='bbox 1693 1378 1757 1423; x_wconf 87' lang='lat' dir='ltr'>&lt;vt</span> <span class='ocrx_word' id='word_1_134' title='bbox 1785 1387 1910 1415; x_wconf 86' lang='lat' dir='ltr'>voca—</span> 
     </span>
     <span class='ocr_line' id='line_1_18' title="bbox 289 1439 1910 1490; baseline 0.001 -12"><span class='ocrx_word' id='word_1_135' title='bbox 289 1440 404 1490; x_wconf 86' lang='lat' dir='ltr'>mus)</span> <span class='ocrx_word' id='word_1_136' title='bbox 435 1440 731 1490; x_wconf 87' lang='lat' dir='ltr'>professurus,</span> <span class='ocrx_word' id='word_1_137' title='bbox 763 1453 850 1480; x_wconf 88' lang='lat' dir='ltr'>vna</span> <span class='ocrx_word' id='word_1_138' title='bbox 878 1453 977 1481; x_wconf 90' lang='lat' dir='ltr'>cum</span> <span class='ocrx_word' id='word_1_139' title='bbox 1007 1442 1183 1481; x_wconf 92' lang='lat' dir='ltr'>doctore</span> <span class='ocrx_word' id='word_1_140' title='bbox 1213 1441 1358 1480; x_wconf 92' lang='lat' dir='ltr'>Zeidel</span> <span class='ocrx_word' id='word_1_141' title='bbox 1400 1440 1676 1480; x_wconf 86' lang='lat' dir='ltr'>xenodochia</span> <span class='ocrx_word' id='word_1_142' title='bbox 1704 1442 1746 1479; x_wconf 92' lang='lat' dir='ltr'>et</span> <span class='ocrx_word' id='word_1_143' title='bbox 1774 1439 1910 1480; x_wconf 91' lang='lat' dir='ltr'>huius</span> 
     </span>
     <span class='ocr_line' id='line_1_19' title="bbox 290 1504 1905 1557; baseline 0.001 -15"><span class='ocrx_word' id='word_1_144' title='bbox 290 1504 411 1543; x_wconf 89' lang='lat' dir='ltr'>vrbis</span> <span class='ocrx_word' id='word_1_145' title='bbox 439 1516 634 1544; x_wconf 87' lang='lat' dir='ltr'>carceres</span> <span class='ocrx_word' id='word_1_146' title='bbox 664 1505 836 1556; x_wconf 56' lang='lat' dir='ltr'>petiitv,</span> <span class='ocrx_word' id='word_1_147' title='bbox 868 1506 1268 1557; x_wconf 85' lang='lat' dir='ltr'>vbi-poenitentiae</span> <span class='ocrx_word' id='word_1_148' title='bbox 1297 1505 1660 1545; x_wconf 72' lang='lat' dir='ltr'>et··eucharisti·ae</span> <span class='ocrx_word' id='word_1_149' title='bbox 1688 1504 1905 1544; x_wconf 80' lang='lat' dir='ltr'>sanctiss.</span> 
     </span>
     <span class='ocr_line' id='line_1_20' title="bbox 290 1570 1909 1617; baseline 0.001 -10"><span class='ocrx_word' id='word_1_150' title='bbox 290 1571 566 1609; x_wconf 87' lang='lat' dir='ltr'>sacramenta</span> <span class='ocrx_word' id='word_1_151' title='bbox 594 1570 855 1610; x_wconf 89' lang='lat' dir='ltr'>miserrimis</span> <span class='ocrx_word' id='word_1_152' title='bbox 884 1571 975 1610; x_wconf 92' lang='lat' dir='ltr'>illis</span> <span class='ocrx_word' id='word_1_153' title='bbox 1004 1570 1263 1610; x_wconf 87' lang='lat' dir='ltr'>hominihus</span> <span class='ocrx_word' id='word_1_154' title='bbox 1292 1570 1675 1617; x_wconf 86' lang='lat' dir='ltr'>administrarunt,</span> <span class='ocrx_word' id='word_1_155' title='bbox 1709 1581 1753 1609; x_wconf 92' lang='lat' dir='ltr'>re</span> <span class='ocrx_word' id='word_1_156' title='bbox 1786 1580 1909 1608; x_wconf 89' lang='lat' dir='ltr'>sacra</span> 
     </span>
     <span class='ocr_line' id='line_1_21' title="bbox 289 1633 1910 1687; baseline 0.001 -15"><span class='ocrx_word' id='word_1_157' title='bbox 289 1633 453 1673; x_wconf 90' lang='lat' dir='ltr'>ibidem</span> <span class='ocrx_word' id='word_1_158' title='bbox 483 1637 639 1674; x_wconf 87' lang='lat' dir='ltr'>ornato</span> <span class='ocrx_word' id='word_1_159' title='bbox 669 1635 714 1674; x_wconf 91' lang='lat' dir='ltr'>in</span> <span class='ocrx_word' id='word_1_160' title='bbox 745 1636 840 1675; x_wconf 84' lang='lat' dir='ltr'>loco</span> <span class='ocrx_word' id='word_1_161' title='bbox 870 1638 1058 1687; x_wconf 89' lang='lat' dir='ltr'>peracta.</span> <span class='ocrx_word' id='word_1_162' title='bbox 1092 1635 1175 1675; x_wconf 84' lang='lat' dir='ltr'>Vbi</span> <span class='ocrx_word' id='word_1_163' title='bbox 1206 1635 1375 1683; x_wconf 89' lang='lat' dir='ltr'>vinum,</span> <span class='ocrx_word' id='word_1_164' title='bbox 1408 1646 1566 1686; x_wconf 88' lang='lat' dir='ltr'>panem</span> <span class='ocrx_word' id='word_1_165' title='bbox 1595 1636 1637 1674; x_wconf 90' lang='lat' dir='ltr'>et</span> <span class='ocrx_word' id='word_1_166' title='bbox 1665 1636 1835 1674; x_wconf 89' lang='lat' dir='ltr'>caetera</span> <span class='ocrx_word' id='word_1_167' title='bbox 1855 1634 1910 1673; x_wconf 91' lang='lat' dir='ltr'>ad</span> 
     </span>
     <span class='ocr_line' id='line_1_22' title="bbox 292 1698 1910 1749; baseline 0.001 -12"><span class='ocrx_word' id='word_1_168' title='bbox 292 1698 455 1739; x_wconf 86' lang='lat' dir='ltr'>victum</span> <span class='ocrx_word' id='word_1_169' title='bbox 484 1701 747 1749; x_wconf 86' lang='lat' dir='ltr'>necessaria,</span> <span class='ocrx_word' id='word_1_170' title='bbox 796 1701 986 1741; x_wconf 85' lang='lat' dir='ltr'>corrasis</span> <span class='ocrx_word' id='word_1_171' title='bbox 1028 1701 1132 1740; x_wconf 89' lang='lat' dir='ltr'>hinc</span> <span class='ocrx_word' id='word_1_172' title='bbox 1163 1701 1265 1740; x_wconf 90' lang='lat' dir='ltr'>inde</span> <span class='ocrx_word' id='word_1_173' title='bbox 1306 1701 1602 1748; x_wconf 87' lang='lat' dir='ltr'>eleemosinis,</span> <span class='ocrx_word' id='word_1_174' title='bbox 1647 1700 1816 1740; x_wconf 83' lang='lat' dir='ltr'>affatim</span> <span class='ocrx_word' id='word_1_175' title='bbox 1855 1700 1910 1739; x_wconf 92' lang='lat' dir='ltr'>ad</span> 
     </span>
     <span class='ocr_line' id='line_1_23' title="bbox 290 1763 1909 1816; baseline 0.001 -13"><span class='ocrx_word' id='word_1_176' title='bbox 290 1763 384 1803; x_wconf 89' lang='lat' dir='ltr'>dies</span> <span class='ocrx_word' id='word_1_177' title='bbox 413 1764 584 1815; x_wconf 88' lang='lat' dir='ltr'>aliquot</span> <span class='ocrx_word' id='word_1_178' title='bbox 612 1766 743 1804; x_wconf 88' lang='lat' dir='ltr'>ambo</span> <span class='ocrx_word' id='word_1_179' title='bbox 771 1766 1126 1816; x_wconf 84' lang='lat' dir='ltr'>suppeditarunt,</span> <span class='ocrx_word' id='word_1_180' title='bbox 1166 1768 1222 1813; x_wconf 92' lang='lat' dir='ltr'>et,</span> <span class='ocrx_word' id='word_1_181' title='bbox 1255 1765 1390 1805; x_wconf 91' lang='lat' dir='ltr'>veluti</span> <span class='ocrx_word' id='word_1_182' title='bbox 1434 1767 1638 1816; x_wconf 88' lang='lat' dir='ltr'>suscepta</span> <span class='ocrx_word' id='word_1_183' title='bbox 1667 1776 1909 1815; x_wconf 88' lang='lat' dir='ltr'>pauperum</span> 
     </span>
     <span class='ocr_line' id='line_1_24' title="bbox 289 1829 1910 1881; baseline 0.001 -14"><span class='ocrx_word' id='word_1_184' title='bbox 289 1840 394 1868; x_wconf 91' lang='lat' dir='ltr'>cura</span> <span class='ocrx_word' id='word_1_185' title='bbox 424 1830 720 1878; x_wconf 88' lang='lat' dir='ltr'>oeconomica,</span> <span class='ocrx_word' id='word_1_186' title='bbox 752 1830 884 1870; x_wconf 89' lang='lat' dir='ltr'>lineis</span> <span class='ocrx_word' id='word_1_187' title='bbox 930 1830 1167 1881; x_wconf 85' lang='lat' dir='ltr'>praecincti</span> <span class='ocrx_word' id='word_1_188' title='bbox 1213 1830 1387 1881; x_wconf 87' lang='lat' dir='ltr'>pannis,</span> <span class='ocrx_word' id='word_1_189' title='bbox 1432 1832 1472 1869; x_wconf 93' lang='lat' dir='ltr'>et</span> <span class='ocrx_word' id='word_1_190' title='bbox 1510 1830 1678 1869; x_wconf 89' lang='lat' dir='ltr'>detecto</span> <span class='ocrx_word' id='word_1_191' title='bbox 1709 1829 1767 1880; x_wconf 91' lang='lat' dir='ltr'>(si</span> <span class='ocrx_word' id='word_1_192' title='bbox 1797 1831 1910 1868; x_wconf 88' lang='lat' dir='ltr'>recte</span> 
     </span>
     <span class='ocr_line' id='line_1_25' title="bbox 290 1893 1909 1945; baseline 0 -13"><span class='ocrx_word' id='word_1_193' title='bbox 290 1893 489 1943; x_wconf 85' lang='lat' dir='ltr'>meminj)</span> <span class='ocrx_word' id='word_1_194' title='bbox 519 1895 675 1945; x_wconf 81' lang='lat' dir='ltr'>capite,</span> <span class='ocrx_word' id='word_1_195' title='bbox 719 1907 870 1934; x_wconf 90' lang='lat' dir='ltr'>eorum</span> <span class='ocrx_word' id='word_1_196' title='bbox 914 1895 1079 1935; x_wconf 89' lang='lat' dir='ltr'>mensis</span> <span class='ocrx_word' id='word_1_197' title='bbox 1121 1895 1434 1934; x_wconf 85' lang='lat' dir='ltr'>inseruierunt.</span> <span class='ocrx_word' id='word_1_198' title='bbox 1467 1894 1634 1934; x_wconf 89' lang='lat' dir='ltr'>Deinde</span> <span class='ocrx_word' id='word_1_199' title='bbox 1664 1906 1766 1933; x_wconf 87' lang='lat' dir='ltr'>vero</span> <span class='ocrx_word' id='word_1_200' title='bbox 1795 1893 1909 1933; x_wconf 90' lang='lat' dir='ltr'>idem</span> 
     </span>
     <span class='ocr_line' id='line_1_26' title="bbox 291 1957 1911 2010; baseline 0.001 -14"><span class='ocrx_word' id='word_1_201' title='bbox 291 1957 450 1997; x_wconf 86' lang='lat' dir='ltr'>Rector</span> <span class='ocrx_word' id='word_1_202' title='bbox 477 1971 528 1998; x_wconf 90' lang='lat' dir='ltr'>ac</span> <span class='ocrx_word' id='word_1_203' title='bbox 556 1959 708 1999; x_wconf 91' lang='lat' dir='ltr'>doctor</span> <span class='ocrx_word' id='word_1_204' title='bbox 736 1959 754 1985; x_wconf 78' lang='lat' dir='ltr'>b</span> <span class='ocrx_word' id='word_1_205' title='bbox 788 1959 1068 2000; x_wconf 87' lang='lat' dir='ltr'>Christianus</span> <span class='ocrx_word' id='word_1_206' title='bbox 1098 1963 1126 2007; x_wconf 76' lang='lat'>¹,</span> <span class='ocrx_word' id='word_1_207' title='bbox 1166 1959 1306 1999; x_wconf 86' lang='lat' dir='ltr'>saccis</span> <span class='ocrx_word' id='word_1_208' title='bbox 1331 1959 1614 2010; x_wconf 54' lang='lat' dir='ltr'>¹‘quibusdam</span> <span class='ocrx_word' id='word_1_209' title='bbox 1662 1958 1911 2009; x_wconf 89' lang='lat' dir='ltr'>prominen-</span> 
     </span>
     <span class='ocr_line' id='line_1_27' title="bbox 290 2022 1911 2076; baseline 0 -14"><span class='ocrx_word' id='word_1_210' title='bbox 290 2022 410 2062; x_wconf 87' lang='lat' dir='ltr'>tibus</span> <span class='ocrx_word' id='word_1_211' title='bbox 439 2024 624 2064; x_wconf 90' lang='lat' dir='ltr'>humero</span> <span class='ocrx_word' id='word_1_212' title='bbox 645 2025 880 2075; x_wconf 88' lang='lat' dir='ltr'>impositis,</span> <span class='ocrx_word' id='word_1_213' title='bbox 903 2025 1076 2076; x_wconf 85' lang='lat' dir='ltr'>egregie</span> <span class='ocrx_word' id='word_1_214' title='bbox 1097 2025 1143 2064; x_wconf 92' lang='lat' dir='ltr'>in</span> <span class='ocrx_word' id='word_1_215' title='bbox 1164 2024 1365 2075; x_wconf 89' lang='lat' dir='ltr'>petendis</span> <span class='ocrx_word' id='word_1_216' title='bbox 1386 2036 1463 2075; x_wconf 90' lang='lat' dir='ltr'>per</span> <span class='ocrx_word' id='word_1_217' title='bbox 1481 2024 1707 2064; x_wconf 89' lang='lat' dir='ltr'>ciuitatem</span> <span class='ocrx_word' id='word_1_218' title='bbox 1728 2024 1911 2063; x_wconf 91' lang='lat' dir='ltr'>eleemo-</span> 
     </span>
     <span class='ocr_line' id='line_1_28' title="bbox 291 2087 1911 2140; baseline 0 -13"><span class='ocrx_word' id='word_1_219' title='bbox 291 2087 404 2127; x_wconf 89' lang='lat' dir='ltr'>sinis</span> <span class='ocrx_word' id='word_1_220' title='bbox 433 2100 529 2128; x_wconf 89' lang='lat' dir='ltr'>sese</span> <span class='ocrx_word' id='word_1_221' title='bbox 558 2092 860 2130; x_wconf 84' lang='lat' dir='ltr'>exercuerunt.</span> <span class='ocrx_word' id='word_1_222' title='bbox 891 2090 986 2140; x_wconf 86' lang='lat' dir='ltr'>Qua</span> <span class='ocrx_word' id='word_1_223' title='bbox 1016 2090 1062 2129; x_wconf 90' lang='lat' dir='ltr'>in</span> <span class='ocrx_word' id='word_1_224' title='bbox 1092 2102 1136 2129; x_wconf 88' lang='lat' dir='ltr'>re</span> <span class='ocrx_word' id='word_1_225' title='bbox 1166 2090 1210 2129; x_wconf 91' lang='lat' dir='ltr'>id</span> <span class='ocrx_word' id='word_1_226' title='bbox 1240 2089 1468 2140; x_wconf 90' lang='lat' dir='ltr'>assequuti</span> <span class='ocrx_word' id='word_1_227' title='bbox 1498 2091 1617 2135; x_wconf 87' lang='lat' dir='ltr'>sunt,</span> <span class='ocrx_word' id='word_1_228' title='bbox 1651 2091 1709 2136; x_wconf 91' lang='lat' dir='ltr'>vt,</span> <span class='ocrx_word' id='word_1_229' title='bbox 1759 2100 1911 2139; x_wconf 89' lang='lat' dir='ltr'>quam-</span> 
     </span>
     <span class='ocr_line' id='line_1_29' title="bbox 292 2152 1911 2205; baseline -0.001 -13"><span class='ocrx_word' id='word_1_230' title='bbox 292 2152 363 2192; x_wconf 90' lang='lat' dir='ltr'>uis</span> <span class='ocrx_word' id='word_1_231' title='bbox 391 2154 663 2194; x_wconf 89' lang='lat' dir='ltr'>scomatibus</span> <span class='ocrx_word' id='word_1_232' title='bbox 710 2166 800 2194; x_wconf 90' lang='lat' dir='ltr'>non</span> <span class='ocrx_word' id='word_1_233' title='bbox 842 2167 956 2203; x_wconf 90' lang='lat' dir='ltr'>raro,</span> <span class='ocrx_word' id='word_1_234' title='bbox 989 2166 1150 2205; x_wconf 87' lang='lat' dir='ltr'>magna</span> <span class='ocrx_word' id='word_1_235' title='bbox 1193 2157 1339 2194; x_wconf 89' lang='lat' dir='ltr'>tamen</span> <span class='ocrx_word' id='word_1_236' title='bbox 1382 2154 1572 2194; x_wconf 90' lang='lat' dir='ltr'>aliorum</span> <span class='ocrx_word' id='word_1_237' title='bbox 1619 2153 1911 2192; x_wconf 86' lang='lat' dir='ltr'>admiratione</span> 
     </span>
     <span class='ocr_line' id='line_1_30' title="bbox 292 2217 1911 2271; baseline -0.001 -14"><span class='ocrx_word' id='word_1_238' title='bbox 292 2219 626 2270; x_wconf 88' lang='lat' dir='ltr'>reuerentiaque</span> <span class='ocrx_word' id='word_1_239' title='bbox 655 2219 888 2271; x_wconf 86' lang='lat' dir='ltr'>singulari,</span> <span class='ocrx_word' id='word_1_240' title='bbox 920 2219 1100 2259; x_wconf 90' lang='lat' dir='ltr'>fuerunt</span> <span class='ocrx_word' id='word_1_241' title='bbox 1128 2219 1311 2270; x_wconf 88' lang='lat' dir='ltr'>excepti,</span> <span class='ocrx_word' id='word_1_242' title='bbox 1344 2219 1602 2270; x_wconf 88' lang='lat' dir='ltr'>priusquam</span> <span class='ocrx_word' id='word_1_243' title='bbox 1632 2217 1911 2258; x_wconf 91' lang='lat' dir='ltr'>eleemosinis</span> 
     </span>
     <span class='ocr_line' id='line_1_31' title="bbox 291 2283 1912 2334; baseline 0 -13"><span class='ocrx_word' id='word_1_244' title='bbox 291 2283 442 2322; x_wconf 90' lang='lat' dir='ltr'>onusti</span> <span class='ocrx_word' id='word_1_245' title='bbox 463 2283 643 2323; x_wconf 89' lang='lat' dir='ltr'>domum</span> <span class='ocrx_word' id='word_1_246' title='bbox 674 2284 911 2324; x_wconf 90' lang='lat' dir='ltr'>redierunt.</span> <span class='ocrx_word' id='word_1_247' title='bbox 936 2283 1100 2324; x_wconf 92' lang='lat' dir='ltr'>Omitto</span> <span class='ocrx_word' id='word_1_248' title='bbox 1129 2284 1242 2323; x_wconf 94' lang='lat' dir='ltr'>alias</span> <span class='ocrx_word' id='word_1_249' title='bbox 1272 2283 1570 2334; x_wconf 90' lang='lat' dir='ltr'>probationes,</span> <span class='ocrx_word' id='word_1_250' title='bbox 1593 2294 1705 2334; x_wconf 91' lang='lat' dir='ltr'>quas</span> <span class='ocrx_word' id='word_1_251' title='bbox 1735 2283 1782 2322; x_wconf 88' lang='lat' dir='ltr'>P.</span> <span class='ocrx_word' id='word_1_252' title='bbox 1806 2283 1912 2322; x_wconf 88' lang='lat' dir='ltr'>Rec—</span> 
     </span>
     <span class='ocr_line' id='line_1_32' title="bbox 291 2347 1913 2398; baseline 0 -12"><span class='ocrx_word' id='word_1_253' title='bbox 291 2349 360 2386; x_wconf 92' lang='lat' dir='ltr'>tor</span> <span class='ocrx_word' id='word_1_254' title='bbox 388 2359 507 2387; x_wconf 90' lang='lat' dir='ltr'>nunc</span> <span class='ocrx_word' id='word_1_255' title='bbox 535 2348 582 2387; x_wconf 93' lang='lat' dir='ltr'>in</span> <span class='ocrx_word' id='word_1_256' title='bbox 611 2349 775 2396; x_wconf 88' lang='lat' dir='ltr'>culina,</span> <span class='ocrx_word' id='word_1_257' title='bbox 799 2360 918 2388; x_wconf 88' lang='lat' dir='ltr'>nunc</span> <span class='ocrx_word' id='word_1_258' title='bbox 947 2348 993 2388; x_wconf 90' lang='lat' dir='ltr'>in</span> <span class='ocrx_word' id='word_1_259' title='bbox 1023 2349 1252 2388; x_wconf 85' lang='lat' dir='ltr'>refectorio</span> <span class='ocrx_word' id='word_1_260' title='bbox 1282 2348 1510 2388; x_wconf 88' lang='lat' dir='ltr'>humiliter</span> <span class='ocrx_word' id='word_1_261' title='bbox 1528 2347 1737 2398; x_wconf 85' lang='lat' dir='ltr'>expleuit,</span> <span class='ocrx_word' id='word_1_262' title='bbox 1770 2347 1913 2398; x_wconf 89' lang='lat' dir='ltr'>prius-</span> 
     </span>
     <span class='ocr_line' id='line_1_33' title="bbox 291 2412 1911 2464; baseline -0.001 -13"><span class='ocrx_word' id='word_1_263' title='bbox 291 2423 423 2462; x_wconf 88' lang='lat' dir='ltr'>quam</span> <span class='ocrx_word' id='word_1_264' title='bbox 454 2413 696 2452; x_wconf 89' lang='lat' dir='ltr'>solemnem</span> <span class='ocrx_word' id='word_1_265' title='bbox 724 2413 889 2453; x_wconf 88' lang='lat' dir='ltr'>aedidit</span> <span class='ocrx_word' id='word_1_266' title='bbox 919 2413 1252 2464; x_wconf 85' lang='lat' dir='ltr'>professionem,</span> <span class='ocrx_word' id='word_1_267' title='bbox 1284 2413 1490 2464; x_wconf 91' lang='lat' dir='ltr'>episcopo</span> <span class='ocrx_word' id='word_1_268' title='bbox 1519 2412 1764 2463; x_wconf 89' lang='lat' dir='ltr'>hungarico</span> <span class='ocrx_word' id='word_1_269' title='bbox 1807 2413 1911 2451; x_wconf 88' lang='lat' dir='ltr'>tunc</span> 
     </span>
     <span class='ocr_line' id='line_1_34' title="bbox 293 2476 1910 2529; baseline -0.001 -14"><span class='ocrx_word' id='word_1_270' title='bbox 293 2488 384 2515; x_wconf 88' lang='lat' dir='ltr'>rem</span> <span class='ocrx_word' id='word_1_271' title='bbox 413 2477 613 2517; x_wconf 84' lang='lat' dir='ltr'>diuinam</span> <span class='ocrx_word' id='word_1_272' title='bbox 643 2480 878 2529; x_wconf 85' lang='lat' dir='ltr'>peragente</span> <span class='ocrx_word' id='word_1_273' title='bbox 905 2479 920 2502; x_wconf 79' lang='lat'><strong>²</strong></span> <span class='ocrx_word' id='word_1_274' title='bbox 950 2489 1050 2517; x_wconf 90' lang='lat' dir='ltr'>cum</span> <span class='ocrx_word' id='word_1_275' title='bbox 1098 2478 1267 2529; x_wconf 89' lang='lat' dir='ltr'>ingenti</span> <span class='ocrx_word' id='word_1_276' title='bbox 1297 2477 1550 2517; x_wconf 88' lang='lat' dir='ltr'>celebritate</span> <span class='ocrx_word' id='word_1_277' title='bbox 1591 2476 1910 2527; x_wconf 86' lang='lat' dir='ltr'>hominumque</span> 
     </span>
    </p>
   </div>
   <div class='ocr_carea' id='block_1_3' title="bbox 291 2581 467 2585">
    <p class='ocr_par' dir='ltr' id='par_1_4' title="bbox 291 2581 467 2585">
     <span class='ocr_line' id='line_1_35' title="bbox 291 2581 467 2585; baseline 0 0"><span class='ocrx_word' id='word_1_278' title='bbox 291 2581 467 2585; x_wconf 95' lang='lat' dir='ltr'> </span> 
     </span>
    </p>
   </div>
   <div class='ocr_carea' id='block_1_4' title="bbox 355 2642 1291 2684">
    <p class='ocr_par' dir='ltr' id='par_1_5' title="bbox 355 2642 1291 2684">
     <span class='ocr_line' id='line_1_36' title="bbox 355 2642 1291 2684; baseline 0 -10"><span class='ocrx_word' id='word_1_279' title='bbox 355 2650 373 2669; x_wconf 80' lang='lat' dir='ltr'>a</span> <span class='ocrx_word' id='word_1_280' title='bbox 394 2643 503 2684; x_wconf 89' lang='lat' dir='ltr'>petiit</span> <span class='ocrx_word' id='word_1_281' title='bbox 526 2643 619 2675; x_wconf 83' lang='lat' dir='ltr'>add.</span> <span class='ocrx_word' id='word_1_282' title='bbox 644 2652 770 2684; x_wconf 70' lang='lat' dir='ltr'>supra</span> <span class='ocrx_word' id='word_1_283' title='bbox 793 2652 895 2675; x_wconf 81' lang='lat' dir='ltr'>vers.</span> <span class='ocrx_word' id='word_1_284' title='bbox 930 2661 970 2665; x_wconf 80' lang='lat'>—-</span> <span class='ocrx_word' id='word_1_285' title='bbox 1003 2642 1021 2669; x_wconf 86' lang='lat' dir='ltr'>b</span> <span class='ocrx_word' id='word_1_286' title='bbox 1052 2642 1224 2674; x_wconf 91' lang='lat' dir='ltr'>dominus</span> <span class='ocrx_word' id='word_1_287' title='bbox 1247 2642 1291 2674; x_wconf 83' lang='grc' dir='ltr'>Β.</span> 
     </span>
    </p>
   </div>
   <div class='ocr_carea' id='block_1_5' title="bbox 293 2797 1912 3100">
    <p class='ocr_par' dir='ltr' id='par_1_6' title="bbox 356 2797 858 2830">
     <span class='ocr_line' id='line_1_37' title="bbox 356 2797 858 2830; baseline 0 -2"><span class='ocrx_word' id='word_1_288' title='bbox 356 2798 366 2816; x_wconf 87' lang='lat'>¹</span> <span class='ocrx_word' id='word_1_289' title='bbox 390 2797 426 2829; x_wconf 92' lang='lat' dir='ltr'>P.</span> <span class='ocrx_word' id='word_1_290' title='bbox 453 2797 690 2830; x_wconf 87' lang='lat' dir='ltr'>Christianus</span> <span class='ocrx_word' id='word_1_291' title='bbox 714 2797 858 2829; x_wconf 84' lang='lat' dir='ltr'>Rivius.</span> 
     </span>
    </p>

    <p class='ocr_par' dir='ltr' id='par_1_7' title="bbox 293 2845 1912 3100">
     <span class='ocr_line' id='line_1_38' title="bbox 355 2845 1911 2890; baseline -0.003 -8"><span class='ocrx_word' id='word_1_292' title='bbox 355 2851 368 2869; x_wconf 76' lang='lat'>‘¹³</span> <span class='ocrx_word' id='word_1_293' title='bbox 390 2849 428 2882; x_wconf 86' lang='lat' dir='ltr'>P.</span> <span class='ocrx_word' id='word_1_294' title='bbox 453 2850 611 2881; x_wconf 88' lang='lat' dir='ltr'>Ioannes</span> <span class='ocrx_word' id='word_1_295' title='bbox 633 2849 678 2882; x_wconf 90' lang='lat' dir='ltr'>de</span> <span class='ocrx_word' id='word_1_296' title='bbox 700 2849 866 2882; x_wconf 84' lang='lat' dir='ltr'>Victoria</span> <span class='ocrx_word' id='word_1_297' title='bbox 898 2848 1162 2890; x_wconf 90' lang='lat' dir='ltr'>professionem</span> <span class='ocrx_word' id='word_1_298' title='bbox 1197 2848 1409 2880; x_wconf 87' lang='lat' dir='ltr'>sollemnem</span> <span class='ocrx_word' id='word_1_299' title='bbox 1432 2847 1593 2888; x_wconf 88' lang='lat' dir='ltr'>quatuor</span> <span class='ocrx_word' id='word_1_300' title='bbox 1615 2846 1783 2878; x_wconf 84' lang='lat' dir='ltr'>votorum</span> <span class='ocrx_word' id='word_1_301' title='bbox 1810 2845 1911 2877; x_wconf 82' lang='lat' dir='ltr'>vovit</span> 
     </span>
     <span class='ocr_line' id='line_1_39' title="bbox 293 2897 1909 2944; baseline -0.004 -9"><span class='ocrx_word' id='word_1_302' title='bbox 293 2903 353 2935; x_wconf 89' lang='lat' dir='ltr'>die</span> <span class='ocrx_word' id='word_1_303' title='bbox 375 2903 416 2934; x_wconf 67' lang='lat'>20</span> <span class='ocrx_word' id='word_1_304' title='bbox 437 2902 576 2944; x_wconf 92' lang='lat' dir='ltr'>Aprilis</span> <span class='ocrx_word' id='word_1_305' title='bbox 600 2903 639 2934; x_wconf 89' lang='lat' dir='ltr'>in</span> <span class='ocrx_word' id='word_1_306' title='bbox 663 2902 835 2934; x_wconf 86' lang='lat' dir='ltr'>manibus</span> <span class='ocrx_word' id='word_1_307' title='bbox 858 2901 1006 2942; x_wconf 88' lang='lat' dir='ltr'>Georgii</span> <span class='ocrx_word' id='word_1_308' title='bbox 1030 2901 1266 2939; x_wconf 86' lang='lat' dir='ltr'>Drascovitii,</span> <span class='ocrx_word' id='word_1_309' title='bbox 1289 2899 1454 2941; x_wconf 89' lang='lat' dir='ltr'>episcopi</span> <span class='ocrx_word' id='word_1_310' title='bbox 1475 2899 1642 2941; x_wconf 87' lang='lat' dir='ltr'>quinque</span> <span class='ocrx_word' id='word_1_311' title='bbox 1664 2897 1909 2937; x_wconf 87' lang='lat' dir='ltr'>ecclesiensis‚</span> 
     </span>
     <span class='ocr_line' id='line_1_40' title="bbox 294 2950 1912 2996; baseline -0.004 -8"><span class='ocrx_word' id='word_1_312' title='bbox 294 2956 336 2987; x_wconf 89' lang='lat' dir='ltr'>ut</span> <span class='ocrx_word' id='word_1_313' title='bbox 358 2964 403 2987; x_wconf 89' lang='lat' dir='ltr'>ex</span> <span class='ocrx_word' id='word_1_314' title='bbox 426 2955 659 2996; x_wconf 87' lang='lat' dir='ltr'>autographo</span> <span class='ocrx_word' id='word_1_315' title='bbox 682 2955 840 2987; x_wconf 84' lang='lat' dir='ltr'>constat.</span> <span class='ocrx_word' id='word_1_316' title='bbox 865 2954 969 2994; x_wconf 82' lang='lat' dir='ltr'>Quod</span> <span class='ocrx_word' id='word_1_317' title='bbox 992 2953 1194 2986; x_wconf 87' lang='lat' dir='ltr'>modestiae</span> <span class='ocrx_word' id='word_1_318' title='bbox 1219 2953 1365 2985; x_wconf 91' lang='lat' dir='ltr'>modum</span> <span class='ocrx_word' id='word_1_319' title='bbox 1388 2952 1427 2984; x_wconf 95' lang='lat' dir='ltr'>in</span> <span class='ocrx_word' id='word_1_320' title='bbox 1450 2952 1632 2994; x_wconf 86' lang='lat' dir='ltr'>apparatu</span> <span class='ocrx_word' id='word_1_321' title='bbox 1655 2950 1824 2983; x_wconf 89' lang='lat' dir='ltr'>adhibito</span> <span class='ocrx_word' id='word_1_322' title='bbox 1853 2959 1912 2982; x_wconf 85' lang='lat' dir='ltr'>ex-</span> 
     </span>
     <span class='ocr_line' id='line_1_41' title="bbox 294 3002 1909 3048; baseline -0.003 -8"><span class='ocrx_word' id='word_1_323' title='bbox 294 3009 458 3047; x_wconf 85' lang='lat' dir='ltr'>cesserit,</span> <span class='ocrx_word' id='word_1_324' title='bbox 482 3018 503 3040; x_wconf 91' lang='lat' dir='ltr'>a</span> <span class='ocrx_word' id='word_1_325' title='bbox 527 3008 564 3041; x_wconf 93' lang='lat' dir='ltr'>P.</span> <span class='ocrx_word' id='word_1_326' title='bbox 589 3008 759 3041; x_wconf 89' lang='lat' dir='ltr'>Generali</span> <span class='ocrx_word' id='word_1_327' title='bbox 783 3007 950 3040; x_wconf 89' lang='lat' dir='ltr'>suaviter</span> <span class='ocrx_word' id='word_1_328' title='bbox 972 3006 1217 3048; x_wconf 89' lang='lat' dir='ltr'>reprehensus</span> <span class='ocrx_word' id='word_1_329' title='bbox 1249 3007 1306 3038; x_wconf 88' lang='lat' dir='ltr'>est</span> <span class='ocrx_word' id='word_1_330' title='bbox 1328 3006 1365 3038; x_wconf 83' lang='lat' dir='ltr'>et</span> <span class='ocrx_word' id='word_1_331' title='bbox 1387 3006 1459 3038; x_wconf 88' lang='lat' dir='ltr'>levi</span> <span class='ocrx_word' id='word_1_332' title='bbox 1492 3014 1610 3047; x_wconf 89' lang='lat' dir='ltr'>poena</span> <span class='ocrx_word' id='word_1_333' title='bbox 1643 3004 1834 3036; x_wconf 84' lang='lat' dir='ltr'>multatus.</span> <span class='ocrx_word' id='word_1_334' title='bbox 1858 3002 1909 3036; x_wconf 89' lang='lat' dir='ltr'>Cf.</span> 
     </span>
     <span class='ocr_line' id='line_1_42' title="bbox 294 3060 798 3100; baseline 0 -8"><span class='ocrx_word' id='word_1_335' title='bbox 294 3060 439 3092; x_wconf 77' lang='lat' dir='ltr'>Laim&#39;i</span> <span class='ocrx_word' id='word_1_336' title='bbox 461 3060 635 3093; x_wconf 71' lang='lat' dir='ltr'>Monam.</span> <span class='ocrx_word' id='word_1_337' title='bbox 660 3060 702 3100; x_wconf 89' lang='lat' dir='ltr'>V,</span> <span class='ocrx_word' id='word_1_338' title='bbox 726 3061 798 3093; x_wconf 67' lang='lat'><strong>527.</strong></span> 
     </span>
    </p>
   </div>
  </div>
 </body>
</html>
