2028 3531
356 295 424 331 708
826 296 1029 333 LITTERAE
1063 297 1408 342 anmnmsvnss

309 414 467 454 adduci
498 415 615 465 quod
646 427 697 454 ex
730 415 872 454 Patris
901 428 975 455 ore
1004 416 1117 455 elabi
1149 416 1409 463 cernebant3
1442 427 1580 467 eoque
1618 428 1687 456 res
1717 411 1927 468 producta

308 482 388 527 est,
422 482 467 519 ut
499 480 702 519 nonnulli
735 493 785 519 ex
817 481 1043 519 canonicis
1086 481 1338 525 consultum
1374 480 1487 520 irent
1519 481 1662 521 uirum
1706 483 1926 533 quendam

308 545 505 595 apprime
534 545 727 587 doctum.
759 545 922 596 quique
952 546 1203 584 cathedram
1235 545 1483 595 theologiae
1513 546 1558 585 in
1593 546 1675 586 hac
1703 547 1927 587 academia

308 610 574 653 moderatur.
598 622 703 649 nuni
727 610 834 649 illud
861 611 921 649 ita
941 613 1068 653 esset,
1102 613 1149 649 ut
1178 622 1203 649 a
1236 611 1361 649 Patre
1382 610 1606 650 Gutterrio
1626 605 1927 663 accepissent?

308 674 446 725 Cujus
489 675 549 714 rei
595 675 811 723 integrum
860 687 1118 725 responsum
1157 676 1308 714 doctor
1338 675 1431 725 ipse
1461 675 1507 714 in
1537 676 1762 724 concione,
1793 688 1927 728 quam

307 740 507 791 sequenti
539 740 608 779 die
638 743 730 779 erat
779 741 1027 783 habiturus,
1072 741 1267 790 protulit,
1310 740 1384 779 ubi
1416 752 1505 779 non
1552 741 1692 781 defuit
1722 740 1787 781 illi
1817 735 1927 782 acri·

308 805 456 843 monia
487 805 530 843 in
564 805 922 854 reprehendendo
954 805 1250 854 ignorantiam
1281 817 1448 853 eorum,
1480 805 1557 856 qui
1587 806 1699 845 alias
1727 806 1928 846 doctores

307 869 417 919 legis
447 881 541 908 esse
588 870 810 915 deberent,
843 870 1205 920 asseuerauitque
1254 881 1341 909 rem
1391 870 1453 909 ita
1499 882 1545 910 se
1583 871 1760 919 habere,
1792 871 1927 911 immo

308 935 447 973 multo
490 934 691 973 acerbius
734 946 864 985 quani
897 948 919 974 a
956 936 1080 973 Patre
1109 935 1333 974 Gutterrio
1367 934 1640 974 didicissent.
1673 935 1719 975 Si
1748 936 1927 987 quando

307 1012 395 1038 rein
431 999 627 1050 aliquam
672 1000 1021 1049 persuadendam
1061 1000 1263 1047 assumit,
1296 1011 1371 1039 eos
1414 1000 1632 1039 sermonis
1674 1000 1852 1040 aculeos
1880 1000 1927 1040 in

306 1064 468 1103 animis
498 1064 749 1103 auditorum
774 1065 998 1115 relinquit,
1023 1067 1066 1104 ut
1100 1065 1323 1115 quiescere
1349 1076 1438 1103 non
1459 1065 1591 1112 sinat,
1615 1065 1753 1104 donec
1783 1065 1928 1116 reipsa

305 1128 626 1179 compleuerint
654 1129 771 1179 quod
803 1129 931 1168 Pater
963 1129 1222 1179 persuadere
1243 1129 1489 1176 nitebatur;
1522 1129 1640 1180 quod
1669 1141 1769 1169 cum
1798 1141 1928 1181 saepe

305 1193 546 1232 usuuenire
575 1193 729 1240 soleat,
762 1196 853 1233 tun]
887 1194 1074 1233 maxime
1108 1194 1253 1244 reipsa
1296 1194 1527 1244 probatum
1559 1196 1646 1242 θεῖς
1679 1206 1779 1234 cum
1808 1194 1927 1234 enim

306 1258 620 1308 proclamasset
640 1270 715 1297 eos
746 1270 974 1309 paupereS,
997 1259 1072 1309 qui
1097 1259 1142 1297 in
1164 1270 1381 1298 carcerem
1402 1261 1508 1298 sunt
1527 1258 1711 1307 detrusi,
1733 1261 1927 1299 extrema

305 1322 552 1373 indigentia
582 1323 735 1373 premi,
767 1323 1107 1374 diligentissime
1150 1324 1324 1363 miseris
1367 1324 1633 1374 opitulatum
1676 1325 1756 1371 est,
1788 1323 1927 1364 uariis

306 1387 409 1426 hinc
452 1387 554 1426 inde
596 1387 889 1438 eleemosynis
931 1388 1149 1435 collectis;
1183 1389 1296 1427 inter
1338 1400 1450 1438 quas
1480 1391 1681 1428 matrona
1709 1388 1926 1439 quaedam

304 1452 484 1499 nobilis,
508 1464 607 1491 cum
638 1452 829 1502 primum
851 1453 1051 1492 concioni
1075 1453 1141 1492 illi
1162 1455 1356 1492 extrema
1377 1465 1536 1493 manus
1566 1455 1680 1493 esset
1708 1452 1924 1501 adhibita,

304 1516 521 1568 quidquid.
552 1517 607 1555 ad
628 1517 787 1556 lectum
810 1529 948 1556 unum
975 1518 1259 1557 sternendum
1282 1518 1580 1557 necessarium
1601 1519 1681 1566 est,
1704 1517 1927 1557 liberrime

303 1582 478 1621 obtulit.
503 1582 768 1632 Saepissime
791 1583 942 1622 Patres
973 1583 1222 1622 inviserant
1250 1590 1268 1609 a
1289 1583 1372 1622 hoc
1392 1595 1533 1633 genus
1553 1583 1800 1630 hominum,
1832 1584 1925 1622 tum

304 1649 353 1687 ut
381 1659 531 1686 eorum
583 1650 750 1686 mentes
796 1648 1087 1687 concionibus
1135 1648 1373 1695 instruant,
1406 1651 1499 1687 tum
1543 1650 1592 1687 ut
1625 1647 1926 1688 confessiones

304 1712 503 1760 audiant,
535 1724 621 1763 qua
652 1712 698 1751 in
730 1724 772 1751 re
803 1714 1029 1762 tantopere
1061 1713 1189 1752 nobis
1232 1713 1433 1752 animum
1468 1713 1657 1752 illustris
1686 1713 1924 1752 admodum

303 1777 591 1817 cancellariae
612 1778 757 1829 regiae
781 1778 995 1828 praesidis
1026 1780 1036 1801 1
1068 1778 1423 1826 conciliauimus,
1447 1780 1496 1818 ut
1515 1778 1630 1818 hanc
1649 1776 1925 1817 occasionem

304 1845 460 1882 nactus
491 1843 560 1882 Pr.
594 1843 752 1882 Rector
780 1844 809 1890 ²,
843 1855 941 1882 cum
972 1843 1050 1882 illo
1081 1843 1133 1882 de
1162 1855 1207 1881 re
1237 1843 1428 1893 quadam
1458 1844 1575 1894 agat,
1597 1854 1731 1894 quam
1761 1842 1807 1882 in
1836 1854 1926 1882 ma-

303 1920 441 1959 gnum
471 1908 607 1959 hujus
638 1908 760 1959 regni
791 1909 1137 1947 emolumentum
1174 1908 1368 1948 futuram
1403 1920 1655 1959 speramus;
1687 1908 1741 1948 de
1769 1920 1820 1948 ea
1848 1920 1926 1948 au-

304 1974 387 2012 tem
419 1984 519 2012 cum
549 1973 740 2023 primum
772 1973 970 2012 foelicem
1001 1973 1167 2012 exitum
1190 1973 1321 2012 fuerit
1351 1974 1522 2022 sortita,
1545 1973 1773 2013 certiorem
1801 1974 1925 2012 tuam

303 2037 354 2077 R.
388 2038 435 2077 P.
470 2037 641 2077 faciam.
675 2037 874 2088 Benigno
904 2037 1054 2076 animo
1083 2040 1215 2088 atque
1246 2038 1373 2077 uultu
1404 2037 1537 2077 hilari
1568 2038 1720 2077 Patres
1749 2039 1925 2077 nostros

301 2102 464 2152 excipit
493 2102 761 2152 illorumque
804 2102 992 2142 consilia
1021 2104 1230 2153 acceptat.
1264 2102 1372 2142 Cum
1403 2103 1658 2142 admoneret
1688 2103 1759 2142 Pr.
1791 2102 1925 2142 soler-

302 2166 457 2205 tiorem
501 2178 651 2205 curam
695 2166 809 2205 circa
854 2167 1027 2206 uinctos
1070 2178 1165 2206 esse
1209 2169 1424 2217 oportere,
1456 2179 1588 2218 quam
1623 2167 1754 2206 modo
1792 2168 1921 2214 esset,

302 2232 391 2270 tam
421 2231 536 2270 circa
565 2243 714 2270 eorum
746 2231 933 2278 animas,
965 2243 1099 2281 quam
1129 2243 1327 2282 corpora,
1351 2231 1500 2271 animo
1532 2243 1712 2282 prorsus
1740 2233 1924 2282 paterno

302 2295 473 2335 addidit
501 2308 547 2335 se
578 2296 767 2346 primum
813 2296 927 2335 uelle
965 2295 1176 2335 interesse
1219 2296 1524 2345 concionibus,
1555 2308 1668 2347 quae
1709 2295 1803 2335 illic
1845 2295 1924 2335 ha·-

302 2360 470 2400 bendae
499 2363 661 2409 essent,
694 2363 735 2400 et
765 2361 1019 2400 ministrum
1049 2373 1095 2400 se
1124 2361 1331 2400 exhibere
1362 2373 1539 2401 mensae
1565 2372 1823 2412 pauperum,
1846 2360 1923 2412 qui

301 2426 393 2466 illic
422 2427 607 2478 conjecti
638 2429 755 2475 sunt,
787 2429 835 2466 ut
865 2427 934 2465 uel
965 2426 1027 2466 sic
1057 2425 1075 2451 b
1096 2438 1170 2465 eos
1213 2426 1474 2474 inssamaret,
1506 2439 1594 2478 quo
1627 2438 1674 2466 se
1703 2426 1749 2466 in
1778 2425 1925 2466 sanio-

301 2504 391 2531 rem
422 2494 613 2531 mentem
643 2492 900 2542 reciperent.

404 2558 442 2596 3.
468 2557 586 2596 Inter
607 2557 695 2596 alia
716 2557 869 2604 multa,
888 2568 1002 2606 quae
1032 2556 1161 2595 nobis
1182 2556 1245 2595 sic
1266 2556 1465 2595 animum
1488 2555 1730 2597 illustriss.i
1758 2555 1923 2607 praesi-

300 2621 369 2661 dis
398 2622 765 2669 conciliauerunt,
788 2633 877 2660 non
906 2623 1172 2672 postremum
1204 2621 1346 2661 locum
1380 2622 1498 2661 tenet
1517 2633 1652 2661 causa
1679 2622 1722 2661 et
1750 2620 1919 2669 lisina,

360 2790 379 2808 a
399 2782 537 2814 inuissi
560 2783 649 2814 sunt
672 2791 743 2814 ms.
767 2800 807 2804 ——
830 2781 849 2808 b
871 2781 926 2813 sio
949 2780 995 2814 A.

360 2920 371 2937 1
395 2917 614 2950 Franciscus
637 2917 737 2950 Tello
761 2917 804 2949 de
827 2917 1023 2955 sandoval,
1051 2918 1132 2957 post
1165 2917 1277 2958 episc.
1302 2917 1512 2949 oxomensis
1536 2918 1572 2949 et
1594 2899 1918 2958 Placentihusj.&.

296 2970 484 3002 GouzfiLssz
509 2971 669 3003 DitvlnA:
710 2970 874 3002 Theatro
907 2970 1149 3002 eclesi‹istico
1183 2970 1229 3002 de
1252 2970 1291 3001 Ia
1325 2970 1470 3010 igylesia
1492 2979 1517 3011 y
1539 2969 1691 3002 osiudad
1713 2968 1758 3001 de
1787 2968 1917 3005 Osma,

326 3047 332 3053 .
358 3023 407 3054 73.
1772 3024 1779 3025 ’
1894 3023 1899 3026 ”

298 3032 321 3063 p
360 3077 372 3095 ²
395 3076 432 3108 P.
458 3076 708 3117 Hieronymus
731 3075 826 3108 Ruiz
849 3075 907 3108 del
934 3075 1096 3107 Portillo.
