2028 3531
361 270 431 305 590
836 271 1036 308 errmms
1074 272 1418 316 Qummmasrmcs

316 389 449 428 butus
478 392 558 435 est,
592 390 853 429 munuscula
885 391 1014 430 etiam
1047 390 1189 429 tribus
1220 389 1408 429 maxime
1438 389 1592 439 primis
1612 390 1768 429 classis
1787 390 1932 430 cuius-

314 464 399 503 que
429 453 591 492 donata
621 456 739 501 sunt,
773 457 819 493 ut
850 455 931 494 hoc
962 457 1087 505 pacto
1117 466 1270 493 omnes
1291 454 1343 492 ad
1367 454 1516 493 studia
1535 454 1743 505 deinceps
1764 455 1932 494 inflam-

315 520 552 557 marentur.
587 519 778 558 Mensem
808 521 954 558 autem
988 531 1122 558 unum
1164 519 1209 558 in
1250 519 1461 558 iuuenum
1502 519 1718 565 examine,
1760 520 1932 560 tametsi

313 582 368 621 ad
384 583 728 622 examinandum
747 586 844 623 octo
869 586 1169 634 praeceptores
1190 586 1335 622 essent
1362 583 1569 631 instituti,
1594 583 1930 634 insumpsimus

314 647 476 687 Tribus
507 659 609 687 uero
641 650 739 698 post
767 648 924 687 <liebus
953 648 1003 687 22>
1033 660 1084 687 ex
1117 650 1266 687 nostro
1297 648 1529 698 gymnasio
1558 648 1859 688 adolescentes
1879 649 1934 688 ad

314 712 498 763 gradum
539 713 898 752 baccalaureatus
938 713 982 752 in
1030 712 1313 763 philosophia
1351 712 1490 752 euecti
1531 715 1649 759 sunt,
1687 713 1732 752 in
1770 714 1934 764 quibus

313 778 417 816 sunt
446 788 605 816 nouem
639 779 813 815 nostrae
843 776 1097 819 Societatis:
1131 779 1262 827 atque
1291 788 1342 816 eo
1373 779 1566 827 tempore
1597 789 1763 816 nouum
1797 777 1934 828 philo-

312 841 495 890 sophiae
523 853 701 880 cursum
733 841 1010 880 instituimus
1040 854 1138 880 cum
1169 842 1221 879 50
1250 841 1506 887 iuuenibus,
1544 853 1732 892 quorum
1777 845 1882 881 sunt
1909 843 1935 881 6

311 904 563 945 Societatis:
596 908 637 944 et
667 908 771 944 sunt
800 906 846 944 in
878 906 946 945 his
979 906 1156 956 plurimi
1187 905 1503 951 adolescentes,
1547 906 1623 956 qui
1665 918 1746 945 sua
1786 906 1934 946 indole

312 972 353 1009 et
384 969 548 1021 insignj
590 970 806 1020 probitate
847 982 1020 1021 inagna,
1052 972 1146 1009 tum
1178 970 1322 1017 nobis,
1354 972 1448 1009 tum
1479 970 1697 1009 Ecclesiae
1730 970 1934 1021 pollicen—

313 1037 397 1074 tur.
430 1034 579 1085 Neque
611 1046 746 1085 paruo
776 1035 938 1086 gaudio
968 1035 1110 1074 affecti
1142 1046 1312 1080 sumuS,
1344 1034 1458 1086 quod
1494 1034 1570 1074 Dei
1593 1035 1789 1074 bonitate
1810 1035 1934 1075 scho-

312 1099 381 1139 lae
425 1101 599 1139 nostrae
642 1111 851 1149 magnum
894 1101 1074 1139 sumant
1115 1100 1449 1140 incrementum.
1492 1100 1541 1138 In
1579 1100 1719 1139 classe
1754 1099 1936 1151 physica

310 1164 611 1204 adolescentes
640 1166 746 1203 sunt
773 1164 839 1211 225,
870 1177 982 1215 quos
1014 1165 1323 1204 baccalaureos
1343 1165 1647 1215 appellamus3
1681 1164 1727 1204 in
1750 1164 1805 1216 ijs
1825 1167 1933 1204 sunt

312 1229 338 1268 9
366 1231 542 1268 nostrae
570 1228 816 1268 Societatis.
864 1222 913 1268 I'n
956 1230 1096 1269 classe
1139 1233 1284 1269 autem
1331 1241 1483 1268 eorum
1527 1229 1604 1280 qui
1647 1229 1791 1268 tribus
1834 1232 1933 1280 post

314 1293 542 1333 mensibus
571 1293 766 1333 donandi
798 1297 901 1333 sunt
931 1294 1201 1345 magisterio,
1234 1306 1346 1345 quos
1376 1294 1670 1333 licentiandos
1712 1294 1935 1344 appellare

313 1358 433 1398 soliti
463 1370 633 1405 sumus,
666 1360 771 1397 sunt
799 1359 864 1407 020,
888 1371 1075 1410 quorum
1098 1360 1119 1397 7
1150 1366 1168 1385 ³
1201 1361 1306 1398 sunt
1328 1359 1465 1410 nostrj
1490 1359 1698 1410 institutj.
1724 1359 1773 1397 In
1795 1359 1935 1398 classe

314 1435 419 1463 uero
450 1423 702 1470 rhetorices,
734 1425 840 1463 sunt
868 1424 1001 1463 55.1n
1035 1424 1217 1474 poetica,
1249 1424 1314 1463 90.
1349 1424 1397 1462 In
1427 1424 1567 1463 classe
1587 1423 1764 1463 demum
1794 1435 1935 1474 gram·

315 1488 473 1527 matica
512 1487 727 1539 inferiorj,
776 1489 840 1527 94.
883 1488 1003 1538 Quos
1041 1488 1217 1527 tandem
1262 1488 1497 1528 uniuersos
1545 1488 1583 1527 si
1627 1489 1673 1527 in
1716 1500 1934 1528 summam

313 1553 565 1600 contrahas,
598 1553 734 1604 futurj
766 1556 871 1592 sunt
899 1554 978 1593 430
998 1556 1024 1594 1.
1056 1553 1354 1593 Scholasticae
1378 1553 1728 1599 exercitationes,
1747 1564 1859 1604 quae
1888 1553 1935 1592 in

314 1617 553 1657 lectionum
596 1618 829 1669 cathalogo
873 1619 1088 1669 ascriptae
1131 1621 1236 1658 suut
1278 1620 1308 1666 2,
1356 1630 1515 1669 magna
1561 1630 1661 1658 cum
1703 1617 1936 1668 diligentia

314 1684 571 1722 tractantur.
595 1682 904 1733 Praeceptores
925 1683 1085 1722 etenim
1110 1683 1339 1722 laboribus
1356 1683 1470 1722 nihil
1491 1685 1691 1734 parcunt,
1714 1684 1763 1722 ut
1783 1682 1936 1722 iuuen-

314 1749 450 1786 tutem
490 1759 596 1786 suae
626 1747 726 1786 fidei
756 1748 1052 1787 concreditam
1091 1760 1188 1787 cuin
1230 1748 1284 1787 ad
1320 1748 1471 1787 literas
1499 1746 1808 1798 capessendas,
1841 1749 1933 1786 tum

314 1812 385 1851 uel
416 1812 605 1851 maxime
634 1812 688 1851 ad
721 1812 941 1862 pietatem.
973 1815 1011 1851 et
1044 1812 1335 1859 inflamment,
1367 1815 1408 1851 et
1440 1813 1741 1863 promoueant.

366 1876 405 1917 Q.
438 1877 574 1916 Porro
604 1876 774 1923 fratres,
807 1877 859 1916 de
888 1877 1052 1928 quibus
1083 1877 1224 1928 primo
1254 1877 1397 1916 dicere
1427 1877 1694 1923 debuissem,
1730 1876 1933 1915 obedien-

314 1942 400 1981 tiae
429 1943 471 1981 et
500 1941 618 1981 uitae
647 1941 920 1992 simplicitatj
953 1942 1290 1992 consequendae
1320 1941 1518 1981 sedulam
1550 1941 1812 1992 impendunt
1836 1952 1934 1991 ope·

314 2018 422 2046 ram.
456 2006 523 2045 Ad
552 2006 670 2057 quod
701 2005 719 2031 b
751 2007 959 2057 momentj
995 2007 1231 2057 plurimum
1265 2007 1397 2045 habet
1436 2006 1487 2046 R.
1521 2006 1567 2045 P.
1602 2005 1792 2057 ministrj
1824 2006 1838 2028 ³
1870 2006 1934 2044 in-

313 2071 499 2117 dustria,
531 2073 573 2110 et
602 2071 672 2110 uis
702 2071 851 2110 nescio
881 2083 993 2122 quae
1026 2083 1186 2121 paruae
1219 2083 1395 2110 mensae
1424 2074 1438 2094 ⁴¹
1469 2071 1617 2110 insita.
1658 2070 1736 2109 Ille
1756 2070 1931 2120 quidem

314 2147 394 2175 sua
424 2136 469 2175 in
500 2136 704 2187 regendis
735 2136 947 2175 fratribus
975 2136 1233 2175 dexteritate
1273 2136 1390 2180 tacit,
1433 2138 1481 2175 ut
1520 2135 1735 2174 uirtutum
1776 2135 1821 2173 in
1852 2134 1935 2174 fra-

314 2200 457 2240 tribus
486 2212 575 2240 non
607 2212 744 2251 parua
772 2200 845 2239 fiat
877 2200 1096 2247 accessio;
1129 2201 1237 2240 haec
1275 2212 1380 2240 uero
1424 2200 1537 2239 nihil
1580 2200 1699 2239 domi
1742 2199 1932 2239 inultum

314 2265 542 2316 relinquit,
574 2265 687 2304 nihil
718 2265 932 2311 abditum,
964 2265 1073 2315 quin
1106 2277 1205 2304 mox
1234 2268 1308 2304 aut
1344 2265 1500 2316 culpae
1542 2264 1827 2315 professione,
1859 2266 1935 2303 aut

314 2330 360 2369 in
389 2342 439 2370 ea
469 2330 756 2370 accubatione
786 2330 904 2368 foras
932 2330 1098 2369 efferat.
1132 2330 1364 2369 Miraretur
1406 2329 1454 2369 T.
1488 2330 1539 2369 R.
1573 2330 1638 2377 P„
1670 2329 1708 2368 si
1738 2337 1752 2355 ⁰
1787 2340 1933 2368 coram

314 2397 545 2446 spectaret,
589 2397 860 2446 quantopere
904 2394 949 2433 in
995 2395 1179 2434 rudibus
1223 2395 1396 2446 collegij
1446 2395 1588 2445 initiis
1634 2393 1935 2433 adolescentes

376 2516 393 2534 a
414 2507 575 2540 Emend.
600 2516 648 2540 (ιω
668 2508 699 2541 6.
725 2524 759 2527 —
787 2511 804 2537 b
825 2505 907 2538 Del.
931 2505 1143 2546 plurimum.
1172 2524 1207 2527 —
1232 2513 1245 2532 c
1268 2505 1348 2537 Del.
1373 2505 1525 2546 quanto.

378 2627 388 2644 ²
412 2624 459 2657 Ut
483 2634 528 2656 ex
550 2624 719 2665 catalogo
752 2624 951 2656 lectionum
976 2623 1014 2654 in
1038 2623 1280 2655 annotatione
1315 2623 1485 2664 sequenti
1513 2623 1628 2655 citato
1650 2622 1774 2663 colligi
1798 2622 1931 2662 potest,

315 2678 441 2710 omisit
464 2679 594 2710 auctor
615 2677 804 2710 auditores
828 2676 958 2708 classis
982 2677 1245 2718 grammaticae
1265 2676 1486 2718 superioris;
1505 2684 1611 2717 quae,
1630 2676 1672 2707 ut
1689 2683 1832 2707 summa
1847 2682 1934 2706 vera

315 2731 377 2770 sit,
401 2731 442 2763 96
464 2731 654 2763 auditores
678 2729 813 2762 habere
836 2729 976 2761 debuit.

375 2786 387 2803 ²
410 2784 479 2816 Hic
512 2784 712 2816 lectionum
746 2782 946 2823 Catalogus
980 2782 1103 2814 editus
1136 2783 1192 2814 est
1216 2791 1237 2813 a
1262 2781 1297 2814 P.
1324 2782 1430 2814 Bern.
1456 2781 1571 2814 Duhr.
1597 2780 1647 2813 Cf.
1673 2780 1745 2813 Die
1769 2781 1933 2812 anesten

314 2837 600 2878 Studienplt’lne
624 2837 690 2868 cles
713 2834 1170 2876 Jesuitenyymnasiums
1197 2835 1238 2865 in
1262 2834 1376 2867 loun.
1403 2845 1436 2876 p.
1463 2835 1501 2866 15
1524 2844 1602 2876 sqq.

376 2892 389 2910 ³
411 2890 486 2922 Hoc
514 2899 665 2922 munere
701 2890 790 2921 tunc
823 2888 1048 2929 fungebatur
1083 2888 1118 2920 P.
1144 2888 1329 2920 Antonius
1363 2887 1531 2920 Holletus
1565 2886 1854 2919 HannoniensiS.
1880 2885 1930 2918 Cf.

316 2943 478 2983 HANSEN,
502 2943 525 2976 l.
550 2952 581 2976 c.
605 2943 677 2975 408.

377 2998 389 3015 ⁴
411 2996 453 3028 In
476 3006 548 3028 usu
570 2997 649 3028 erat
672 2997 714 3028 ut
737 3005 851 3037 parva
875 3003 1001 3027 mensa
1028 2994 1065 3025 in
1094 2994 1213 3025 medio
1248 2994 1410 3026 triclinio
1444 2994 1642 3035 poneretur
1677 3002 1741 3034 pro
1775 2992 1834 3024 his
1867 2991 1931 3033 qui

315 3050 381 3081 aut
403 3049 531 3090 aliqua
554 3058 672 3090 poena
694 3048 961 3087 multabantur,
986 3047 1051 3079 aut
1075 3047 1205 3087 sponte
1228 3047 1496 3087 paenitentiam
1520 3054 1628 3087 agere
1651 3045 1835 3077 volebant.
