2028 3531
317 278 387 315 580
795 280 999 316 mem:
1026 280 1370 324 QUAanEs'rREs

270 397 341 437 die
369 404 388 423 ἃ
417 397 633 446 imminet,
666 397 942 437 mediocriter
987 398 1201 436 instructa
1247 398 1379 447 atque
1427 396 1659 436 moenibus
1703 394 1887 443 munita,

272 462 382 501 mira
410 462 519 501 coeli
551 462 798 512 temperies,
830 474 933 513 ager
965 462 1071 508 vini,
1105 461 1312 501 frumenti
1344 463 1475 512 atque
1508 461 1697 500 aliarum
1745 471 1890 499 rerum

270 538 383 578 quae
411 527 466 566 ad
497 538 623 566 Vsum
655 527 770 566 vitae
799 538 1076 566 communem
1108 527 1321 576 spectant,
1355 525 1667 565 feracissimus.
1693 524 1891 575 Populus

270 591 345 643 qui
376 591 423 630 in
452 591 632 631 ciuitate
661 594 727 630 est
748 591 916 642 lingua,
942 591 1154 637 moribus,
1177 592 1217 629 et
1239 590 1357 640 quod
1378 590 1577 629 omnium
1595 589 1890 629 miserrimum

270 658 350 705 est,
383 656 596 707 religione
626 656 741 695 inter
769 668 815 695 se
844 656 1077 706 discrepat.
1126 655 1326 705 Hungari
1378 655 1662 694 multitudine
1708 653 1892 693 caeteris

271 721 463 772 potiores
492 723 611 767 sunt,
644 721 832 771 proximi
863 721 1028 769 Sclaui,
1060 721 1135 759 sed
1169 720 1340 771 Vtrique
1369 721 1566 760 aduenae
1595 722 1726 771 atque
1755 730 1778 759 e
1798 718 1893 758 suis

270 786 452 825 sedibus
480 797 505 825 a
535 785 675 825 Turca
724 797 864 836 nuper
910 786 1108 836 expulsi;
1158 785 1366 825 Germani
1415 796 1598 824 numero
1645 784 1890 836 pauciores,

270 851 492 902 principes
521 853 626 889 sunt
654 850 700 889 in
730 850 969 901 republica.
995 850 1196 901 Plerique
1217 850 1271 889 ad
1294 861 1381 889 rem
1403 849 1604 889 diuinam
1627 861 1715 889 non
1736 859 1893 899 parum

270 917 429 955 natura
460 914 665 965 propensi
696 917 815 962 sunt,
847 915 923 954 sed
953 915 1028 966 qui
1062 917 1245 954 naturae
1275 915 1517 954 bonitatem
1561 914 1789 961 adiuuent,
1821 913 1894 952 de-

270 979 536 1019 siderantur.
587 978 910 1019 Canonicorum
969 980 1147 1030 quidem
1200 979 1384 1030 capituli
1441 979 1752 1030 strigoniensis
1808 978 1894 1017 huc

271 1043 489 1091 translati,
521 1055 571 1083 ac
600 1044 877 1083 sacerdotum
908 1056 994 1084 non
1026 1045 1214 1095 exiguus
1243 1046 1308 1084 est
1338 1056 1564 1091 numerus,
1615 1044 1691 1084 sed
1726 1043 1771 1083 hi
1802 1043 1894 1094 ple-

272 1120 458 1160 rumque
489 1109 598 1148 tales
628 1111 747 1157 sunt,
784 1111 826 1148 vt
856 1109 898 1148 in
932 1111 1054 1148 tanta
1103 1109 1334 1148 hominum
1383 1109 1641 1149 diuersitate
1688 1108 1789 1159 plus
1818 1119 1895 1147 no-

271 1176 399 1213 ceant
428 1173 628 1224 exemplo
659 1173 788 1220 vitae,
821 1186 953 1224 quam
984 1174 1186 1214 doctrina
1216 1174 1422 1224 prodesse
1453 1174 1613 1225 posint.
1648 1173 1779 1214 Venit
1808 1184 1895 1212 vna

272 1238 503 1278 nobiscum
539 1238 589 1277 R.
624 1238 670 1278 P.
701 1238 895 1277 Joannes
916 1251 940 1277 a
962 1239 1171 1285 Victoria,
1195 1239 1354 1289 partim
1397 1239 1560 1278 missus
1598 1239 1653 1278 ad
1675 1237 1892 1289 synodum

272 1303 586 1343 sacerdotalem
618 1315 642 1342 a
672 1315 874 1343 caesarea
905 1304 977 1352 M.,
1031 1304 1185 1354 partim
1218 1303 1314 1342 ΒΨ
1343 1303 1664 1354 archiepiscopi
1694 1305 1706 1327 ¹
1740 1304 1894 1354 rogatu

272 1368 327 1408 ad
357 1368 541 1407 eandem
589 1368 809 1419 synodum
857 1368 990 1418 (hanc
1019 1368 1134 1408 enim
1170 1368 1292 1408 R.¹¹¹¹¹S
1322 1368 1603 1419 celebrabat),
1635 1368 1793 1420 partim
1824 1368 1895 1407 de-

273 1432 407 1484 nique
436 1433 610 1484 collegij
641 1433 778 1472 huius
808 1433 964 1484 gratia,
999 1435 1042 1472 vt
1071 1433 1250 1472 initium
1280 1433 1461 1484 aliquod
1491 1434 1657 1473 bonum
1686 1435 1892 1473 sumeret.

275 1497 325 1537 In
354 1497 525 1549 synodo
555 1499 654 1548 post
685 1498 922 1537 multorum
954 1498 1297 1537 declamationes
1328 1498 1530 1548 publicas
1573 1500 1801 1549 praesente
1830 1510 1895 1538 ar-

273 1562 552 1613 chipraesule
582 1562 721 1601 latino
751 1574 951 1602 sermone
982 1563 1134 1607 factas,
1168 1563 1217 1602 R.
1252 1563 1298 1602 P.
1332 1562 1540 1610 Victoria,
1572 1563 1636 1602 sic
1668 1565 1896 1614 expetente

275 1627 397 1675 R.¹110,
429 1639 535 1666 suas
564 1639 739 1678 quoque
769 1628 1099 1666 exhortationes
1128 1628 1182 1666 ad
1214 1628 1471 1667 vniuersum
1519 1627 1718 1667 ordinem
1752 1639 1896 1668 sacer-

273 1692 463 1731 dotalem
495 1692 665 1739 habuit,
697 1692 861 1743 quibus
890 1692 1099 1732 omnibus
1129 1693 1291 1732 factum
1312 1695 1378 1731 est
1401 1695 1443 1731 vt
1463 1693 1648 1732 antistes
1669 1695 1897 1744 praesente

276 1758 404 1796 Patre
433 1759 474 1796 et
504 1757 621 1808 alijs,
653 1769 829 1796 omnem
876 1757 1041 1797 clerum
1089 1758 1142 1797 ad
1191 1770 1237 1797 se
1284 1758 1520 1807 vocauerit,
1552 1770 1721 1798 errores
1750 1759 1897 1798 varios

275 1821 494 1871 abiurare,
525 1822 885 1873 concubinasque
914 1834 1040 1873 quas,
1074 1822 1270 1874 inquam,
1303 1823 1369 1862 illi
1402 1835 1556 1863 onres
1586 1835 1691 1863 suas
1711 1824 1896 1863 arbitra-

274 1887 451 1935 bantur,
484 1886 733 1938 relinquere
762 1887 1038 1938 compulerit,
1071 1889 1324 1927 recusantes
1354 1888 1500 1927 officio
1535 1888 1668 1928 simul
1698 1890 1740 1928 et
1769 1889 1897 1929 bene-

276 1951 374 1991 ficio
404 1951 580 2002 priuare
610 1953 832 1991 statuens:
862 1952 1016 2003 jurant
1044 1964 1197 1992 omnes
1227 1955 1399 2004 praeter
1429 1965 1564 1993 vnum
1594 1954 1671 2005 qui
1692 1954 1859 2006 Brentij
1881 1956 1895 1979 ‘·'

275 2018 316 2056 et
345 2016 533 2056 aliorum
565 2016 737 2055 insanis
767 2016 1051 2067 dogmatibus
1082 2020 1258 2056 venerat
1306 2017 1563 2058 instructus.
1597 2018 1725 2058 Hunc
1754 2021 1897 2059 custo-

276 2081 375 2121 diae
423 2081 680 2120 mandatum
728 2081 893 2132 diuque
940 2082 1240 2121 examinatum
1290 2082 1658 2134 instructumque,
1707 2084 1810 2124 dum
1842 2084 1897 2124 ad

275 2158 429 2185 sanam
460 2145 601 2185 redire
632 2148 821 2185 mentem
852 2146 1003 2194 nollet,
1049 2147 1345 2187 ecclesiastica
1394 2148 1624 2199 dignitate,
1674 2151 1898 2200 spectante

275 2211 396 2251 omni
426 2211 606 2262 populo,
641 2211 879 2262 priuatum,
911 2214 1122 2262 perpetuo
1153 2212 1324 2252 exulem
1355 2213 1548 2261 dimisit;
1598 2225 1728 2264 quem
1775 2216 1898 2254 extra

275 2278 447 2327 portam
477 2276 623 2315 statim
656 2275 837 2327 quidam
867 2276 1075 2315 haeretici
1106 2288 1253 2323 curru,
1296 2278 1496 2329 pecunijs
1525 2290 1574 2318 ac
1605 2279 1803 2319 vestibus
1832 2291 1898 2318 or—

276 2343 429 2380 natum
459 2340 753 2387 abduxerunt,
785 2352 990 2391 nuncque
1020 2341 1064 2380 in
1096 2342 1199 2381 aula
1230 2342 1442 2393 principis
1470 2343 1668 2383 ciusdam
1700 2344 1897 2395 germani

276 2418 355 2457 pro
385 2408 576 2457 martyre
606 2406 806 2445 habetur.

382 2471 418 2511 2.
450 2471 518 2510 Ad
547 2470 781 2521 collegium
814 2470 957 2510 venio.
991 2470 1158 2510 Domus
1187 2484 1319 2522 quam
1350 2473 1405 2512 ad
1434 2473 1727 2514 extruendum
1769 2475 1898 2514 colle-

277 2535 398 2586 gium
431 2535 554 2574 R.¹1¹¹¹S
584 2534 712 2574 nobis
747 2534 935 2581 curauit,
967 2535 1185 2574 sexcentis
1214 2536 1377 2575 daleris
1406 2539 1552 2588 empta
1580 2549 1630 2577 ac
1649 2538 1796 2578 soluta
1815 2540 1894 2578 est.

276 2599 499 2657 Ducentos
519 2600 570 2639 R.
590 2598 767 2638 Domini
789 2598 1055 2649 capitulares
1085 2599 1129 2638 in
1151 2600 1247 2639 eius
1268 2601 1533 2641 solutionem
1556 2602 1726 2642 liberali
1748 2603 1898 2643 animo

339 2820 357 2837 a
377 2810 455 2842 Pro
477 2810 644 2851 quotidie
666 2809 830 2851 scripsit
851 2809 897 2841 in
920 2818 1046 2850 mat-9.
1066 2809 1107 2842 P.
1126 2810 1292 2843 Rethius
1314 2812 1475 2845 assidue.

339 2996 350 3013 ¹
410 2994 417 3001 ”
518 3020 524 3026 .
647 2993 722 3026 508.

340 3050 352 3066 2
372 2994 531 3079 ³235„ss
549 2994 747 3079 {assrenz
773 3054 909 3078 suevus
932 3046 1139 3087 (1498-1570)
1162 3047 1316 3080 celebris
1339 3048 1614 3083 Lutheranismi
1638 3051 1791 3084 assecla.
