2028 3531
573 282 654 318 513.
683 301 726 306 -—
754 280 974 316 MONACHIO
1003 279 1020 315 1
1050 279 1149 315 MA11
1179 279 1266 314 1561
1619 278 1688 314 ⁹255

98 403 231 443 bitur.
277 402 442 441 Dicunt
478 400 678 452 quinque
713 399 856 439 millia
884 399 1152 438 florenorum
1185 396 1473 436 rhemensium
1505 396 1551 435 in
1587 395 1737 435 aedifi-

97 468 214 508 cium
259 467 343 506 hoc
385 466 629 516 insumpta,
667 477 755 516 quo
799 464 942 515 magis
985 465 1075 503 tam
1122 463 1193 514 pio
1223 464 1264 502 et
1295 462 1514 508 beneuolo
1544 460 1736 512 principi

97 532 283 583 obligati
322 543 494 571 sumus.
540 530 625 571 Sed
656 533 834 570 transeo
864 529 917 568 ad
949 541 1000 568 ea
1030 530 1285 568 nostrorum
1316 526 1539 574 exercitia,
1572 526 1738 578 quibus

98 598 206 638 foris
236 597 283 636 in
312 596 617 648 proximorum
648 597 810 635 uacant
839 594 1074 634 auxilium.

177 662 215 702 5.
249 661 497 702 Conciones
526 661 574 700 in
603 662 758 700 nostro
789 659 953 710 templo
983 658 1223 698 dominicis
1252 660 1293 697 et
1325 657 1449 697 festis
1470 656 1630 696 diebus
1659 667 1738 707 pro

98 739 219 767 more
248 727 427 766 habitae
456 728 562 765 sunt
592 725 639 765 in
670 725 862 764 maxima
892 736 1066 775 semper
1093 724 1347 763 auditorum
1391 734 1571 768 corona,
1602 723 1645 761 et
1673 721 1739 760 in-

98 793 218 844 genti
248 804 347 832 cum
388 792 549 832 fructu.
584 792 634 830 [n
663 789 1005 842 quadragesima
1036 801 1141 829 uero
1171 788 1483 840 quotidianum
1528 786 1613 826 fuit
1655 786 1739 826 hcc

97 857 391 898 concionandi
423 857 706 903 exercitium;
741 856 858 896 unde
890 867 1080 906 magnus
1111 855 1195 894 fuit
1224 865 1438 894 numerus
1476 865 1630 893 eorum
1660 852 1738 903 qui

98 923 392 964 concionibus
422 922 666 962 illuminati
688 924 730 961 et
751 922 881 961 corde
910 920 1182 971 compuncti.
1205 919 1397 960 confessi
1419 921 1525 959 sunt
1545 918 1735 965 nostris,

98 991 139 1028 et
170 988 336 1028 relictis
366 988 673 1039 abiuratisque
703 987 979 1034 haeresibus,
1012 986 1185 1037 corpori
1217 987 1396 1025 sanctae
1422 984 1643 1024 Ecclesiae
1673 983 1739 1022 in-

98 1054 219 1101 serti,
251 1056 292 1094 et
322 1066 399 1105 per
430 1055 681 1093 nostrorum
714 1052 1012 1092 ministerium
1042 1053 1147 1091 sunt
1169 1050 1377 1090 restituti.
1402 1050 1506 1089 Dies
1526 1051 1641 1089 certe
1662 1048 1740 1089 uix

98 1120 220 1160 ullus
265 1121 354 1158 toto
399 1118 768 1170 quadragesimae
811 1120 1006 1168 tempore
1050 1117 1148 1159 fuit.
1180 1128 1269 1168 quo
1299 1128 1389 1155 non
1420 1114 1602 1166 plurimi
1632 1126 1738 1154 con-

100 1184 308 1225 fessionis
338 1184 482 1235 gratia
512 1184 567 1223 ad
598 1195 681 1223 nos
710 1182 992 1230 accesserint,
1024 1185 1066 1222 et
1096 1184 1220 1221 tanto
1249 1181 1440 1221 subinde
1470 1192 1669 1230 numero,
1692 1181 1740 1219 ut

98 1252 187 1290 tres
216 1261 269 1288 ex
298 1249 620 1295 sacerdotibus,
643 1247 720 1299 qui
742 1247 827 1287 soli
858 1247 973 1287 inter
1002 1249 1180 1286 nostros
1200 1246 1399 1297 linguam
1423 1245 1539 1284 hanc
1559 1244 1738 1294 callent,

99 1314 282 1354 minime
311 1314 513 1354 omnium
544 1313 771 1364 potuerint
801 1313 920 1353 uotis
949 1312 1219 1352 satisfacere.
1253 1311 1337 1361 Qui
1360 1312 1415 1350 ab
1436 1309 1609 1350 haeresi
1639 1321 1741 1349 con-

98 1379 233 1427 uersi,
265 1381 307 1419 et
340 1391 413 1430 per
443 1381 621 1418 nostros
651 1378 873 1418 Ecclesiae
903 1380 1009 1417 sunt
1042 1376 1332 1423 reconciliati,
1363 1376 1416 1415 020
1445 1376 1548 1427 plus
1590 1374 1741 1414 minus

99 1457 195 1485 esse
226 1446 454 1496 putantur.
489 1443 616 1483 Multi
646 1443 722 1494 alij
755 1443 948 1494 peccatis
977 1445 1020 1482 et
1048 1442 1254 1482 luxuriae
1283 1444 1324 1481 et
1354 1453 1517 1481 usurae
1546 1439 1738 1488 liberati,

100 1510 176 1561 alij
211 1510 459 1549 simoniaca
488 1509 588 1549 labe
632 1509 833 1560 purgati;
880 1508 955 1560 alij
998 1508 1102 1559 alijs
1144 1507 1373 1558 beneficijs
1403 1506 1564 1546 affecti.
1597 1505 1741 1556 Supra

100 1575 222 1615 mille
251 1587 342 1615 non
372 1575 529 1614 dubito
558 1574 727 1614 nostris
757 1574 982 1625 praedicto
1014 1576 1209 1625 tempore
1243 1572 1487 1617 confessos,
1519 1573 1562 1611 et
1592 1571 1742 1622 plures

99 1640 290 1680 fuissent
319 1640 441 1680 haud
471 1639 606 1679 dubie
636 1639 844 1686 confessi,
877 1639 915 1678 si
946 1638 1198 1678 sacerdotes
1227 1637 1418 1683 fuissent
1449 1637 1614 1688 plures.
1652 1635 1741 1676 Ha-

100 1707 262 1746 bentur
290 1718 315 1745 a
346 1705 513 1745 nostris
558 1706 729 1756 praeter
772 1704 1024 1744 ordinarias
1068 1704 1111 1743 in
1157 1703 1323 1754 templo
1353 1704 1522 1750 nostro,
1555 1704 1594 1741 et
1626 1701 1741 1741 aliae

100 1770 478 1811 extraordinariae
507 1777 526 1796 a
554 1769 807 1817 conciones,
840 1781 972 1820 saepe
1019 1769 1199 1820 quidem
1242 1780 1390 1808 coram
1434 1767 1574 1807 illust.
1623 1766 1743 1818 prin-

98 1836 209 1888 cipe,
241 1847 333 1875 non
362 1847 462 1875 raro
492 1835 626 1875 etiam
656 1835 703 1874 in
733 1834 861 1886 pagis
891 1834 1202 1874 uicinioribus.
1232 1834 1366 1874 Fiunt
1387 1835 1429 1873 et
1450 1833 1651 1884 priuatae
1671 1843 1742 1871 ex-

100 1901 377 1942 hortationes
406 1901 525 1952 apud
555 1903 760 1952 aegrotos
790 1900 836 1940 in
866 1900 1160 1952 xenodochiis
1188 1912 1289 1940 cum
1320 1911 1483 1950 magna
1512 1910 1665 1938 eorum
1695 1898 1742 1937 in

100 1966 293 2006 Domino
322 1965 644 2006 consolatione.
678 1965 883 2005 Vinculis
912 1966 1115 2005 detentos
1146 1965 1322 2005 uisendi
1352 1964 1492 2004 libera
1514 1963 1644 2003 nobis
1666 1975 1742 2015 po-

101 2033 238 2072 testas
268 2031 457 2071 necdum
488 2031 603 2071 facta
632 2033 713 2076 est.
747 2031 823 2071 sed
853 2031 1164 2082 superioribus
1206 2031 1365 2070 diebus
1404 2029 1633 2081 pollicitus
1676 2030 1742 2068 est

102 2097 264 2137 illustr.
307 2096 528 2148 princeps,
561 2108 607 2136 se
638 2096 818 2147 publico
848 2096 1091 2148 diplomate
1121 2108 1217 2136 eam
1247 2095 1379 2135 nobis
1408 2096 1642 2135 facturum.
1674 2095 1744 2133 In-

101 2163 253 2202 firmos
295 2162 410 2202 alios
452 2161 712 2213 praesertim
743 2162 790 2201 in
819 2162 1029 2202 extremis
1076 2162 1344 2202 constitutos
1386 2173 1477 2201 non
1521 2160 1743 2212 grauatim

101 2228 317 2268 accedunt
346 2227 494 2267 uocati
524 2227 681 2275 nostri,
713 2229 756 2267 et
785 2240 948 2279 magno
991 2239 1122 2279 saepe
1164 2239 1266 2267 cum
1308 2227 1470 2272 fructu,
1512 2227 1744 2278 propterea

102 2293 221 2345 quod
250 2293 406 2333 adesse
436 2292 627 2333 subinde
656 2293 888 2345 contingat
916 2305 1007 2341 eos,
1039 2293 1117 2345 qui
1147 2293 1195 2333 in
1224 2293 1309 2333 fide
1338 2292 1490 2332 minus
1519 2294 1625 2332 sunt
1653 2291 1743 2330 sin-

101 2358 205 2406 ceri,
237 2359 404 2410 quique
443 2358 576 2398 uanis
618 2358 859 2398 morientes
888 2359 1056 2399 lactant
1085 2358 1208 2398 verbi
1238 2358 1318 2398 Dei
1350 2359 1415 2410 (ut
1444 2357 1530 2409 ipsi
1561 2356 1743 2407 uocant)

101 2423 503 2471 consolationibus,
548 2424 721 2464 nullam
752 2423 930 2464 interim
973 2424 1274 2475 poenitentiae
1303 2426 1346 2464 et
1375 2423 1565 2463 aliorum
1596 2434 1744 2462 sacra-

102 2491 354 2529 mentorum
402 2489 662 2529 memoriam
710 2489 977 2541 ingerentes.
1024 2490 1157 2529 Extra
1205 2488 1610 2541 quadragesimam,
1660 2487 1743 2527 etsi

102 2555 258 2603 rarior,
290 2566 382 2594 non
411 2554 671 2606 infrequens
700 2557 851 2595 tamen
879 2556 999 2607 apud
1030 2567 1112 2595 nos
1141 2557 1210 2596 est
1238 2555 1545 2595 confitentium
1567 2556 1609 2593 et
1629 2565 1745 2593 com-

103 2620 433 2660 municantium
475 2632 706 2668 numerus,
752 2620 800 2660 in
843 2621 1178 2661 solennioribus
1212 2620 1473 2672 praesertim
1517 2618 1657 2667 festis,
1702 2620 1745 2658 et

104 2685 247 2725 maior
274 2685 322 2724 in
351 2685 463 2733 dies,
496 2684 675 2725 Christo
704 2685 851 2736 dante,
881 2686 979 2726 erit.

183 2751 222 2790 6.
254 2750 318 2790 De
347 2750 488 2791 illust.
520 2750 700 2802 quidem
731 2751 949 2803 principis
979 2751 1121 2791 nostri
1151 2763 1327 2792 summo
1356 2763 1461 2802 ergo
1490 2762 1574 2790 nos
1594 2749 1744 2790 studio

104 2816 220 2856 nihil
250 2816 323 2856 hic
353 2816 581 2856 uideretur
608 2816 863 2865 dicendum,
894 2829 996 2857 cum
1025 2817 1206 2869 saepius
1235 2817 1349 2857 alias
1392 2815 1563 2868 prolixe
1609 2815 1744 2855 etiam

104 2881 189 2921 hac
216 2882 271 2921 de
300 2893 346 2921 re
374 2881 433 2921 sit
461 2881 701 2933 scriptum:
734 2894 785 2922 ea
814 2884 929 2923 certe
958 2885 1024 2923 est
1053 2883 1211 2935 optimi
1240 2882 1458 2935 principis
1477 2893 1581 2933 erga
1602 2881 1745 2921 Deum

104 2946 277 2998 religio,
309 2958 359 2987 ea
389 2958 493 2998 erga
522 2948 723 2987 sanctam
753 2947 995 2989 Ecclesiam
1024 2948 1328 2998 obseruantia,
1360 2959 1411 2988 ea
1440 2947 1619 2987 demum
1640 2957 1745 2998 erga

167 3090 186 3110 a
205 3082 289 3116 Del.
314 3082 513 3116 habentur.
