2028 3531
346 286 416 322 ‘298
819 285 1023 321 Li'r‘rERAE
1061 284 1404 329 QnAomMsssTRss

301 404 442 443 ethice
485 406 616 455 atque
645 403 929 454 grammatice
972 402 1185 442 foeliciter
1213 404 1344 453 atque
1388 413 1548 452 magno
1586 402 1814 441 doctorum
1844 401 1920 441 ho-

303 469 471 508 minum
514 468 733 519 applausu
776 467 1050 517 disputatum
1094 469 1173 513 est,
1206 479 1295 506 uno
1342 466 1553 517 magistro
1598 466 1831 506 Societatis
1874 466 1919 505 in

301 533 538 583 theologia,
570 535 612 571 et
654 532 797 571 tribus
839 531 1053 571 studiosis
1082 544 1104 571 e
1135 543 1252 571 nouo
1286 531 1473 581 collegio
1502 531 1549 570 in
1578 530 1761 570 caeteris
1789 530 1921 570 disci-

304 598 438 649 plinis
468 596 851 647 respondentibus.
886 596 937 635 Et
965 608 1052 647 quo
1084 596 1258 646 paruuli
1289 595 1365 646 qui
1406 595 1664 635 nutriuntur
1692 595 1739 634 in
1768 595 1919 634 eodem

301 662 503 713 collegio,
534 662 604 701 sui
652 662 873 712 profectus
915 661 1096 711 aliquod
1144 660 1366 711 specimen
1422 660 1642 706 aederent,
1693 659 1920 710 dialogum

300 727 521 778 quendam
551 727 604 765 de
632 726 917 765 scientiarum
939 726 1129 765 utilitate
1158 725 1204 764 in
1236 736 1396 775 magno
1425 724 1656 764 hominum
1685 724 1816 763 etiam
1848 736 1921 763 ru-

301 792 424 831 dium
453 791 689 838 auditorio,
713 802 792 830 nec
820 791 989 841 absque
1017 791 1254 830 multorum
1287 789 1580 829 admiratione
1608 789 1918 828 exhibuerunt.

303 857 517 895 Rhetores
562 855 694 895 etiam
742 855 946 901 studiosi,
991 855 1067 906 qui
1115 857 1219 894 sunt
1269 855 1317 893 14
1362 854 1548 893 eximiae
1595 853 1686 904 spej
1719 853 1919 900 iuuenes,

301 923 472 971 praeter
500 920 826 971 disputationes
854 921 984 971 atque
1014 919 1351 959 exercitationes
1389 921 1477 958 tam
1507 918 1659 969 ligato,
1690 929 1823 969 quam
1852 928 1921 956 so-

301 984 395 1023 luto
424 984 598 1023 dicendi
629 995 801 1035 genere,
824 983 1060 1023 dominicis
1090 983 1346 1034 praesertim
1375 982 1627 1033 quibusque
1655 982 1827 1027 diebus,
1852 981 1921 1020 uel

302 1049 372 1099 pie
401 1048 662 1088 Sanctorum
692 1060 742 1088 ac
763 1048 980 1088 uirtutum
1010 1048 1179 1095 laudes,
1203 1047 1274 1087 uel
1299 1049 1609 1087 controuersas
1637 1046 1807 1086 ethicae
1827 1045 1923 1096 phi-

302 1113 531 1164 losophiae
560 1113 843 1164 quaestiones
872 1113 1048 1163 publice
1076 1113 1339 1152 declamant.

381 1179 419 1218 4.
452 1178 601 1230 Neque
644 1190 749 1218 uero
792 1178 865 1229 pia
906 1180 1084 1217 nostrae
1127 1177 1377 1216 uocationis
1423 1176 1580 1224 officia,
1613 1175 1777 1227 quibus
1815 1175 1923 1214 haec

304 1245 402 1284 Iesu
432 1243 627 1283 Societas
656 1243 846 1283 aliorum
875 1255 1051 1295 quoque
1081 1243 1311 1282 hominum
1349 1242 1537 1282 salutem
1582 1241 1746 1292 passim
1776 1252 1827 1280 ac
1855 1251 1922 1279 se-

302 1309 408 1348 dulo
438 1320 697 1359 promouere
738 1307 986 1355 consueuit,
1019 1307 1090 1346 hic
1132 1307 1315 1346 omnino
1358 1306 1669 1357 praetermissa
1698 1305 1920 1344 uidentur.

303 1373 567 1424 Quanquam
596 1373 714 1412 enim
744 1373 888 1412 boemi
918 1375 961 1412 et
980 1372 1179 1424 germani
1208 1372 1285 1423 qui
1315 1371 1572 1410 Bohemiam
1608 1370 1822 1419 incolunt,
1853 1369 1923 1408 uel

303 1451 532 1490 nunquam
563 1439 634 1478 uel
665 1450 762 1477 raro
792 1438 964 1477 soleant
993 1437 1207 1484 confiteri,
1240 1448 1321 1476 nos
1351 1438 1499 1475 tamen
1540 1436 1624 1475 hoc
1658 1446 1783 1474 sacro
1816 1437 1923 1473 tem-

305 1516 407 1555 pore
435 1503 608 1543 circiter
635 1503 714 1542 500
756 1502 997 1542 habuimus
1039 1502 1330 1553 poenitentes,
1361 1513 1384 1540 e
1413 1501 1577 1552 quibus
1621 1501 1685 1548 16,
1721 1499 1923 1539 abiurata

303 1569 539 1609 lutherana
580 1569 622 1608 et
655 1567 871 1607 bussitica
915 1567 1112 1618 perfidia,
1144 1566 1353 1606 ecclesiae
1396 1565 1475 1605 Dei
1519 1564 1734 1612 restituti;
1766 1565 1810 1603 et
1837 1565 1925 1603 tres

303 1634 377 1685 alij
402 1634 454 1673 de
475 1633 575 1673 fidei
596 1633 864 1684 quibusdam
894 1632 1094 1671 articulis
1114 1631 1384 1678 dubitantes,
1406 1630 1515 1670 adeo
1535 1628 1779 1679 confirmatj
1803 1630 1922 1674 sunt,

304 1701 352 1739 ut
382 1711 459 1750 pro
490 1698 704 1749 religione
745 1697 978 1744 catholica,
1010 1696 1048 1736 si
1092 1708 1161 1736 res
1189 1696 1252 1735 sic
1291 1695 1549 1747 postularet,
1580 1696 1785 1745 oppetere
1814 1705 1926 1732 mor-

304 1767 391 1804 tem
437 1762 705 1814 paratissimi
750 1762 1028 1807 uiderentur;
1074 1763 1116 1800 et
1158 1761 1246 1800 duo
1290 1772 1367 1811 per
1409 1759 1655 1807 biennium,
1690 1770 1808 1798 unus
1850 1769 1926 1808 per

304 1828 601 1879 septennium,
633 1829 721 1866 tres
751 1826 908 1866 aetatis
938 1826 1189 1877 grandeuae
1217 1836 1447 1876 nunquam
1478 1836 1554 1875 per
1581 1835 1755 1863 omnem
1786 1822 1925 1862 uitam

304 1893 493 1933 confessi
525 1893 721 1939 fuerant3
754 1891 815 1931 ita
846 1891 918 1930 hic
938 1890 1145 1930 instructi
1171 1891 1290 1937 sunt,
1314 1892 1362 1929 ut
1390 1891 1553 1928 certam
1582 1888 1701 1928 uitae
1733 1886 1927 1927 melioris

305 1970 426 2009 spem
470 1957 599 1997 nobis
642 1956 962 2007 promitterent,
994 1955 1156 1995 nedum
1199 1954 1479 2006 praeteritam
1522 1952 1682 1993 salutis
1724 1951 1927 2002 propriae

306 2022 620 2074 negligentiam
651 2022 988 2061 detestarentur.
1022 2020 1148 2059 Multi
1192 2030 1368 2070 quoque
1412 2018 1576 2057 multos
1605 2016 1926 2057 haereticorum

305 2087 459 2135 libros,
492 2089 539 2126 ut
567 2087 874 2137 cognouerunt
902 2084 1152 2136 prohibitos
1180 2096 1290 2131 esse,
1326 2083 1457 2122 nobis
1489 2081 1812 2122 comburendos
1840 2082 1927 2119 tra-

305 2151 527 2199 diderunt,
561 2151 701 2202 pluris
731 2151 905 2190 animae
948 2150 1137 2189 salutem
1180 2161 1314 2200 quam
1357 2147 1651 2199 pessimorum
1694 2146 1924 2192 librorum,

305 2217 513 2268 quamuis
542 2228 752 2267 magnum
782 2215 992 2266 precium,
1024 2214 1322 2254 aestimantes.
1356 2212 1600 2253 Conciones
1638 2211 1741 2250 item
1771 2218 1789 2237 ²²
1823 2221 1927 2249 nos-

306 2284 398 2321 trae
427 2281 747 2332 frequentiores
775 2282 1017 2320 cernuntur
1046 2279 1092 2318 in
1121 2279 1229 2318 dies.
1267 2278 1319 2317 Et
1347 2289 1447 2317 cum
1490 2277 1574 2316 hoc
1602 2278 1796 2326 tempore
1824 2286 1926 2314 con-

306 2347 511 2387 ciliorum
540 2348 581 2386 et
610 2346 820 2385 ecclesiae
849 2345 962 2384 ratio
991 2346 1123 2395 atque
1161 2343 1409 2383 authoritas
1451 2341 1606 2381 multis
1647 2341 1797 2392 ignota
1827 2351 1928 2379 con-

307 2413 543 2459 temnatur,
566 2410 734 2461 placuit
754 2409 1038 2449 serenissimo
1058 2407 1263 2460 principi,
1287 2409 1336 2447 ut
1355 2407 1430 2446 ille
1450 2406 1578 2446 cuius
1602 2417 1685 2444 sua
1712 2403 1927 2444 celsitudo

306 2476 543 2516 conciones
571 2475 696 2515 audit
726 2477 754 2523 1,
785 2475 968 2514 alteram
998 2485 1171 2524 semper
1198 2471 1426 2512 concionis
1446 2472 1614 2522 partem
1644 2469 1691 2509 in
1719 2468 1928 2509 ecclesiae

307 2541 604 2581 declaratione
623 2541 915 2580 consumeret.
939 2539 1081 2589 Quam
1101 2549 1209 2578 sane
1229 2549 1320 2576 rem
1341 2548 1421 2576 nec
1440 2535 1573 2576 etiam
1593 2534 1758 2586 populo
1778 2533 1927 2573 minus

307 2606 477 2655 utilem,
508 2617 641 2657 quam
671 2607 839 2656 gratam
872 2604 1009 2644 fuisse
1038 2605 1225 2644 constat.
1258 2601 1415 2642 Cultus
1444 2600 1597 2651 templi
1632 2598 1773 2639 nostri
1815 2597 1928 2638 diui-

307 2683 408 2719 nus,
440 2683 530 2710 non
560 2670 705 2710 solum
735 2669 980 2715 catholicis,
1012 2669 1088 2708 sed
1117 2670 1160 2707 et
1193 2666 1381 2707 hussitis
1424 2667 1650 2716 tantopere
1692 2664 1848 2714 placet,
1880 2664 1929 2702 ut

307 2736 489 2787 quidam
532 2735 712 2775 illorum
754 2734 885 2774 nobis
927 2732 1164 2784 aliquoties
1206 2731 1398 2771 dixerint
1439 2729 1581 2769 officia
1614 2728 1770 2768 diuina
1797 2728 1928 2778 longe

369 2909 389 2928 a
409 2901 497 2932 item
519 2908 646 2941 supra
667 2908 769 2932 vers.

371 3062 382 3079 ¹
406 3060 488 3102 Ipse
510 3060 694 3101 epistulae
717 3060 859 3092 auctor.
883 3058 936 3092 Cf.
960 3057 1055 3090 Litt.
1084 3055 1290 3097 Quadrim.
1314 3053 1374 3093 VI,
1398 3052 1526 3085 472-73.
