2028 3531
301 262 365 297 152
766 262 969 299 Liri-amr:
1003 264 1348 307 QUADfflMEsi-nas

249 382 424 419 centum
467 392 625 419 aureos
669 381 796 421 nobis
839 382 1005 431 legare:
1052 382 1125 420 fiat
1161 381 1370 420 uoluntas
1402 379 1478 418 Dei
1509 390 1638 430 quem
1684 390 1816 429 penes
1850 388 1869 405 ὃ

249 443 419 482 coelum
449 446 515 483 est
543 447 759 495 terraque.

326 509 364 548 4.
399 509 442 547 P.
479 509 634 548 Rector
672 511 734 548 tot
763 510 985 561 tantisque
1027 510 1145 549 curis
1189 509 1427 547 distinetur
1473 509 1589 557 (narn
1635 508 1866 547 basilicam

250 573 408 611 habere
440 572 646 623 uidetur),
679 577 726 613 ut
758 574 831 613 uix
860 574 1009 625 aliqua
1039 575 1124 613 diei
1158 586 1272 624 pars,
1305 585 1404 612 cum
1438 584 1524 611 non
1552 573 1789 612 admodum
1822 584 1868 612 se

248 637 467 688 respiciat,
512 638 602 677 otio
644 639 880 678 concedere
925 640 1092 679 ualeat:
1143 638 1383 678 accersitur
1431 638 1610 688 saepius
1653 638 1705 677 ad
1741 649 1869 688 paces

247 702 589 752 componendas,
620 703 921 743 confessiones
940 704 1263 754 aegrotantium
1296 713 1615 753 procerumque
1646 702 1867 741 interdum

246 767 542 817 excipiendas,
561 767 727 807 ciuium
745 768 845 808 lites
860 769 1152 808 dirimendas:
1173 768 1301 807 euius
1319 778 1451 817 opera
1470 767 1597 806 multi
1615 767 1869 806 reconcilia-

247 834 290 870 ta
311 832 467 882 gratia,
500 832 545 871 in
577 832 808 883 pristinam
830 833 1183 873 beneuolentiam
1216 832 1394 871 rediere.
1439 832 1603 871 Diebus
1633 831 1868 871 dominicis

246 909 296 936 ac
325 898 477 937 faestis
505 898 589 937 sul)
620 909 826 948 uesperas
855 899 1158 940 concionatur.
1181 900 1340 937 etcum
1374 897 1485 936 bene
1517 908 1675 947 magna
1696 897 1869 936 concio-

247 973 347 1000 nem
376 962 576 1001 auditum
619 963 812 1002 confluat
853 965 1045 1009 caterua,
1079 965 1171 1002 tum
1201 961 1488 1011 aequissimis
1531 961 1716 1000 auribus
1745 961 1868 1000 audi-

246 1028 390 1066 torum
422 1026 574 1066 utitur.
607 1026 755 1077 Nuper
783 1027 829 1066 in
859 1027 1028 1078 aliquot
1057 1027 1152 1066 dies
1183 1038 1392 1076 uesperae
1425 1025 1641 1076 (deposito
1675 1025 1866 1076 quodam

245 1103 355 1131 sono
384 1092 512 1142 quasi
542 1092 736 1143 lugubri,
768 1104 855 1143 quo
887 1092 1009 1143 prius
1041 1093 1289 1141 utebamur)
1335 1093 1515 1141 coeptae
1546 1093 1650 1130 sunt
1694 1090 1866 1130 recitari

246 1157 548 1196 modulatione
576 1157 711 1204 dulci,
742 1169 842 1196 cum
885 1157 1034 1196 adsint
1077 1156 1248 1196 musici.
1286 1156 1397 1195 Hinc
1441 1155 1693 1195 coniectura
1725 1156 1868 1195 facilis

245 1223 311 1260 est
340 1221 423 1260 hoc
454 1221 590 1261 melos
632 1222 830 1272 apprime
858 1222 1066 1261 omnibus
1110 1220 1336 1260 arrisisse:
1369 1220 1581 1271 quoniam
1626 1220 1868 1259 familiares

245 1285 424 1336 quidam
470 1298 551 1325 nos
592 1286 815 1337 adijerunt
843 1286 887 1325 id
925 1287 1277 1336 comprobantes,
1311 1288 1353 1324 et
1383 1285 1444 1324 ita
1474 1296 1520 1324 se
1561 1285 1758 1335 uesperis
1802 1285 1865 1324 in-

245 1352 388 1390 tentos
417 1362 513 1390 esse
542 1351 807 1398 fatebantur,
839 1353 888 1390 ut
917 1363 1020 1401 prae
1049 1351 1186 1389 nimia
1217 1350 1454 1396 suauitate,
1487 1361 1587 1389 cum
1618 1350 1703 1389 sibi
1733 1349 1867 1389 ferme

244 1414 290 1454 in
318 1416 453 1455 coelis
495 1416 753 1466 angelorum
795 1416 944 1455 cantui
987 1416 1141 1455 adesse
1186 1415 1457 1461 uiderentur,
1513 1415 1632 1454 ullus
1662 1415 1866 1465 precibus

244 1480 368 1520 locus
398 1481 599 1532 nequiret
628 1480 646 1506 b
676 1481 881 1531 relinqui.
920 1480 1006 1531 Alij
1040 1493 1085 1520 se
1116 1480 1247 1519 malle
1293 1492 1404 1530 pane
1435 1491 1523 1519 non
1555 1479 1688 1527 uesci,
1732 1491 1864 1530 quam

245 1545 551 1584 huiuscemodi
573 1545 739 1596 priuari
770 1545 973 1592 melodia,
1005 1545 1148 1584 dicere
1169 1557 1257 1583 non
1279 1544 1558 1584 dubitabant.
1583 1543 1666 1583 Sed
1687 1544 1866 1595 quando

244 1611 381 1649 taesta
425 1610 717 1657 defluxerunt,
764 1611 846 1649 hoc
893 1611 1139 1661 postposito
1182 1612 1330 1655 cantu,
1376 1609 1608 1648 concinere
1651 1609 1866 1648 duntaxat

245 1686 377 1721 more,
410 1677 458 1714 ut
488 1675 623 1725 uulgo
654 1677 949 1725 nuncupatur,
982 1675 1245 1726 gregoriano
1275 1682 1289 1700 ⁰
1314 1706 1322 1717 ,
1360 1685 1517 1713 sumus
1547 1674 1780 1724 auspicati.

321 1740 359 1778 ξ).
392 1740 515 1779 Duae
544 1739 615 1779 hic
653 1740 817 1779 classes
859 1739 1165 1779 tantummodo
1209 1739 1491 1789 aperiuntur3
1525 1739 1571 1777 in
1602 1750 1691 1778 una
1722 1739 1866 1777 rheto-

242 1804 347 1850 rica,
380 1804 605 1851 Horatius,
629 1804 943 1844 Ciceronianae
963 1804 1184 1843 orationes
1207 1816 1295 1842 una
1316 1815 1414 1843 cum
1438 1803 1723 1854 grammatica
1745 1815 1866 1852 grae-

241 1881 291 1909 ca
320 1869 657 1920 praeleguntur,
682 1869 725 1908 in
748 1869 885 1908 altera
906 1869 1214 1920 grammatices
1235 1870 1482 1919 praecepta,
1504 1868 1734 1919 Virgilius,
1756 1868 1863 1908 Tul-

242 1934 330 1973 lius
359 1934 412 1973 de
434 1934 663 1981 Amicitia;
687 1936 729 1973 et
749 1946 848 1973 cum
883 1934 1120 1973 multitudo
1158 1945 1393 1984 puerorum
1423 1933 1649 1984 perampla
1687 1933 1862 1976 existat.

242 1999 417 2038 duobus
447 1999 657 2038 fratribus
690 2001 903 2049 tanquam
946 1998 1336 2049 hyppodidascalis
1368 2010 1436 2037 res
1465 2001 1531 2037 est
1574 2010 1671 2038 cum
1716 1999 1866 2037 abece-

241 2063 379 2114 darijs
397 2064 624 2114 primaque
639 2063 915 2103 erudimenta
932 2063 987 2102 im
998 2063 1263 2102 bibentibus.
1278 2063 1407 2102 Pater
1424 2063 1598 2102 tametsi
1616 2063 1665 2103 N.
1680 2063 1865 2102 Prouin-

241 2128 368 2168 cialis
411 2131 439 2175 1,
471 2129 547 2179 qui
586 2128 782 2179 proxime
827 2128 912 2167 huc
957 2130 1104 2178 attigit
1144 2127 1177 2175 (ἰ,
1222 2128 1349 2167 cuius
1393 2128 1613 2167 aduentus
1656 2128 1865 2167 omnibus

241 2192 389 2243 gaudij
423 2193 651 2232 cumulum
672 2193 874 2232 attulisse
896 2192 1085 2239 uidetur,
1110 2193 1245 2231 alium
1278 2192 1372 2231 ludi
1404 2192 1664 2243 magistrum
1694 2204 1719 2231 a
1740 2192 1787 2231 P.
1813 2192 1860 2231 T.

302 2359 319 2378 a
347 2360 458 2392 penes
482 2360 607 2392 supra
634 2360 731 2383 vers.
756 2369 795 2373 —
819 2351 836 2377 b
857 2350 980 2382 Prius
1004 2350 1167 2383 nullus...
1193 2351 1327 2392 quiret.
1367 2370 1406 2372 —
1442 2359 1455 2377 c
1488 2351 1707 2392 gregoriano
1737 2359 1861 2390 supra

243 2413 341 2436 cers,
365 2423 405 2426 —
428 2404 446 2430 d
467 2404 569 2436 venit
591 2404 671 2436 Pol.

238 2557 273 2589 la
297 2557 523 2598 Compagnia
545 2557 583 2589 su
608 2557 646 2588 in
670 2556 780 2589 Siena
804 2556 986 2588 Madonna
1024 2556 1149 2588 Frasia
1173 2556 1375 2589 Orlandina
1407 2557 1540 2598 moglie
1568 2557 1625 2589 del
1648 2556 1861 2598 q[uondam]

239 2610 420 2651 Capitano
443 2610 597 2643 Geraldo
624 2609 808 2651 Saracenj,
844 2608 1061 2641 commincio
1097 2609 1118 2641 a
1153 2610 1386 2650 frequentare
1423 2610 1459 2642 la
1491 2611 1620 2642 nostra
1653 2610 1790 2649 chiesa,
1826 2611 1862 2642 et

239 2662 367 2704 agiuto
391 2663 502 2695 molto
526 2664 551 2695 il
575 2663 728 2704 collegio
752 2663 845 2695 nelle
868 2672 951 2695 cose
974 2663 1178 2703 temporali,
1204 2663 1391 2695 sendoche
1415 2673 1479 2704 per
1503 2664 1606 2695 molti
1641 2664 1731 2695 mesi
1756 2664 1861 2695 diede

238 2726 347 2748 carne
370 2726 433 2757 per
456 2718 510 2748 tre
533 2717 653 2757 giorni
678 2717 712 2748 la
736 2716 947 2755 settimana,
973 2716 1079 2747 diede
1101 2716 1210 2757 quasi
1234 2717 1334 2747 tutte
1358 2716 1391 2747 le
1416 2716 1624 2748 masseritie
1657 2725 1721 2757 per
1743 2716 1779 2748 la
1802 2725 1862 2748 eu-

239 2770 323 2801 cina
345 2771 381 2801 et
404 2769 602 2804 rifettorio:
628 2769 733 2801 diede
757 2769 869 2800 molta
892 2768 1109 2800 biancheria
1129 2764 1168 2800 et
1192 2770 1399 2809 paramenti
1436 2778 1500 2811 per
1533 2769 1568 2801 la
1602 2769 1796 2810 sagrestia‚
1825 2770 1859 2801 et

239 2823 449 2854 finalmente
474 2822 505 2853 si
530 2831 633 2863 prese
657 2831 745 2853 cura
768 2822 804 2854 di
828 2822 953 2853 tenere
976 2821 1081 2853 finito
1105 2821 1130 2852 il
1154 2821 1308 2862 collegio
1332 2822 1369 2853 di
1394 2822 1608 2854 biancherie
1632 2822 1654 2854 a
1676 2822 1727 2853 tal
1751 2821 1819 2854 che
1835 2822 1860 2853 il

238 2876 391 2916 collegio
415 2884 514 2907 come
538 2875 559 2907 a
582 2875 767 2916 singolare
790 2874 1014 2906 henefatrice
1038 2883 1076 2905 se
1100 2874 1125 2905 li
1150 2875 1285 2906 truoua
1319 2875 1431 2907 molto
1465 2875 1633 2916 ubligato
1649 2888 1678 2907 ».
1715 2874 1756 2907 In
1780 2874 1858 2907 cod.

238 2928 345 2960 Rom.
372 2928 456 2967 126,
481 2928 504 2960 f.
530 2929 602 2960 258.

301 2984 310 3000 ¹
335 2982 370 3013 P.
397 2981 526 3013 Petrus
549 2982 592 3013 de
615 2980 874 3013 Ribadeneira.
893 2980 979 3020 Legi
1004 2981 1127 3021 potest
1144 2981 1303 3021 epistula
1321 2990 1432 3021 quam
1449 2981 1696 3014 Ribadeneira
1709 2981 1859 3021 scripsit

237 3034 283 3066 ad
307 3034 478 3066 Lainium
501 3035 560 3066 die
583 3035 623 3066 29
646 3033 855 3066 Decembris
879 3033 968 3065 1560.
994 3032 1047 3064 Cf.
1072 3032 1355 3069 Ribadenez'ra‚
1382 3034 1408 3073 I,
1433 3034 1493 3066 347
1517 3043 1596 3075 sqq.
