2028 3531
291 293 362 330 5⁰24
756 292 959 330 errnnm:
985 292 1329 336 Qummnmsmns

245 424 357 462 quos
388 413 568 451 Romam
603 423 687 451 vna
707 424 805 451 cum
829 412 932 450 dno.
968 408 1189 448 hudouico
1220 409 1230 429 ¹
1266 405 1381 444 misit
1416 412 1447 444 ἃ.
1491 403 1693 454 Plerique
1735 402 1811 442 alii
1843 401 1861 428 b

248 488 403 526 magne
433 476 751 526 expectationis
782 475 902 514 breui
935 476 1037 513 sunt
1068 471 1263 511 eamdem
1296 468 1554 519 ingressuri.

324 542 362 580 5.
395 541 637 589 Collegium
658 542 855 579 nostrum
877 539 999 578 valde
1026 537 1321 588 promouetur,
1340 533 1641 584 templumque
1664 534 1859 571 nostrum

249 618 397 646 mense
426 605 601 645 Octobri
632 605 884 644 absolutum
920 604 969 642 iri
1002 612 1245 652 speramus,
1279 601 1323 637 vt
1352 610 1403 637 eo
1432 600 1626 648 tempore
1656 597 1863 636 funebres

247 671 428 721 exequie
457 670 650 721 episcopi
686 669 829 720 pertici
861 670 1040 719 queant,
1073 668 1203 716 atque
1235 665 1278 703 in
1309 676 1360 702 ea
1389 672 1403 689 ⁰
1433 663 1538 701 aede
1560 661 1683 701 illius
1704 672 1863 711 corpus

248 736 485 775 inhumari.
519 735 613 785 Quo
643 735 774 774 etiam
806 737 999 784 tempore
1029 735 1065 771 et
1109 732 1203 770 loco
1246 728 1488 770 comoedia.
1519 727 1861 778 disputationes,

247 801 676 851 declamationesque
708 800 1001 839 habebuntur.
1036 800 1074 835 vt
1116 796 1306 834 virorum
1353 793 1570 833 nobilium
1617 794 1659 832 et
1702 792 1864 831 littera·

248 868 408 908 torum.
440 865 515 916 qui
548 867 638 904 tum
670 865 871 905 aderunt.
903 861 1213 912 expectationi.
1245 859 1391 910 quoad
1412 858 1505 897 tieri
1538 858 1692 908 possit,
1714 869 1866 896 cumu-

250 931 336 969 late
367 930 712 980 respondeamus
745 929 778 968 (ἲ.
814 929 929 967 Haec
962 927 1066 966 mihi
1102 926 1192 964 visa
1235 926 1340 963 sunt
1384 926 1484 962 tuae
1515 922 1609 962 R.‹¹e
1652 921 1863 961 Paternit.

249 994 505 1041 scribenda3
538 994 708 1045 reliqua
736 1005 879 1033 coram
913 992 1109 1031 exactius
1140 990 1385 1039 meliusque
1414 1000 1467 1027 ex
1505 988 1607 1027 dno.
1640 986 1866 1026 Ludouico

251 1059 431 1098 nouisse
476 1059 632 1109 poterit
675 1058 722 1097 T.
759 1059 825 1097 R..
858 1057 965 1097 Vale
1009 1057 1052 1095 in
1097 1056 1242 1097 fibro„
1279 1054 1323 1093 Ρ.
1357 1054 1407 1092 R.
1425 1052 1479 1099 (¹⁹,
1503 1064 1672 1102 nosque
1713 1063 1867 1090 omnes

252 1123 496 1163 incolumes
525 1125 590 1170 (vt
617 1125 822 1173 optamus
866 1122 1071 1163 maxime)
1105 1121 1215 1159 babc
1259 1119 1348 1158 Deo
1390 1116 1865 1157 commendatissimoS.

251 1200 381 1239 quem
410 1200 589 1227 oramus
610 1190 655 1226 vt
675 1190 716 1226 te
737 1190 883 1226 seruet
905 1186 1185 1225 incolumem.
1212 1182 1421 1222 Bilbiomi
1448 1183 1471 1222 3
1502 1182 1721 1232 Septemb.
1749 1181 1865 1220 1561.

252 1252 300 1292 T.
334 1253 384 1292 R.
420 1253 465 1293 P.
499 1253 674 1292 inutilis
704 1264 874 1291 seruus

1246 1338 1452 1377 CAROLUS
1483 1335 1704 1376 SAGERIUS
1732 1336 1748 1359 ²
1783 1343 1813 1374 θ.

360 1465 589 1505 Exciderat
621 1465 727 1504 mihi
759 1477 780 1503 e
811 1463 1020 1503 memoria
1044 1463 1087 1501 id
1109 1474 1259 1508 vnum,
1296 1473 1384 1511 quo
1414 1471 1678 1511 magnopere
1708 1470 1870 1498 recrea-

255 1543 354 1570 mur
383 1531 427 1569 in
459 1530 596 1569 tantis
625 1529 832 1568 fluctibus
864 1528 1260 1579 perturbatiomim,
1295 1525 1497 1564 videlicet
1539 1524 1655 1576 quod
1691 1522 1869 1563 heretici

255 1595 385 1634 etiam
419 1607 505 1634 non
538 1595 667 1633 modo
698 1594 859 1642 verbis,
892 1593 966 1631 sed
1006 1592 1182 1642 scriptis
1212 1591 1354 1632 libris,
1387 1590 1433 1629 in
1477 1601 1558 1629 nos
1602 1588 1873 1628 inuebantur

255 1672 470 1711 suamque
499 1661 715 1699 exacuant
746 1658 1012 1697 facundiam.
1036 1657 1230 1706 Quorum
1262 1654 1500 1695 calumniis
1522 1666 1609 1693 non
1634 1653 1762 1693 modo
1783 1664 1872 1692 non

255 1724 537 1775 deprimetur,
569 1726 646 1763 aut
669 1722 979 1763 obscurabitur
999 1721 1230 1761 Societatis
1264 1731 1440 1765 nomen,
1476 1719 1553 1758 sed
1581 1718 1711 1758 etiam
1743 1729 1873 1769 auge-

255 1790 345 1827 scet.
373 1788 734 1838 splendescetque
765 1786 917 1838 magis.
954 1787 1149 1837 Rogatus
1179 1784 1262 1823 fuit
1288 1785 1334 1823 P.
1368 1784 1525 1823 Rector
1545 1795 1569 1822 a
1590 1782 1770 1822 curione
1800 1781 1874 1820 isi-

256 1852 458 1891 dorensis
486 1852 697 1899 ciuitatis,
729 1864 813 1902 que
843 1853 934 1890 tota
963 1851 1201 1900 deprauata
1234 1848 1439 1888 hereticis
1473 1850 1538 1887 est
1567 1846 1871 1898 opinionibus,

256 1919 303 1956 vt
331 1917 522 1968 aliquem
555 1917 599 1955 in
632 1917 753 1955 illam
775 1917 925 1955 vrbem
955 1928 977 1954 e
1008 1915 1172 1954 nostris
1193 1914 1548 1953 concionatorem
1572 1912 1774 1959 mitteret,
1797 1910 1873 1962 qui

257 1982 378 2021 ciues
407 1994 432 2020 a
462 1984 583 2020 tanto
614 1983 762 2032 posset
789 1993 934 2020 errore
963 1981 1192 2023 abducere,
1226 1980 1366 2018 bonos
1395 1981 1538 2018 autem
1571 1978 1617 2016 in
1647 1976 1792 2016 officio
1814 1987 1875 2015 re-

257 2047 409 2087 tinere.
441 2046 691 2086 Clarmonte
734 2059 757 2085 a
802 2048 1052 2085 nostrorum
1096 2045 1285 2095 quodam
1330 2043 1559 2095 synodalis
1598 2042 1750 2081 habita
1793 2041 1876 2081 fuit

258 2112 414 2159 oratio,
448 2123 608 2163 magna
637 2123 735 2151 cum
766 2111 1008 2150 attentione
1038 2110 1233 2149 virorum
1260 2109 1477 2148 nobilium
1513 2110 1554 2147 et
1583 2106 1873 2152 eruditorum,

260 2176 537 2227 maximeque
582 2176 726 2215 mirati
770 2178 875 2215 sunt
917 2176 1033 2226 quod
1081 2174 1351 2225 propositum
1396 2174 1654 2212 coronatum
1693 2183 1875 2211 aureum

261 2241 498 2291 vnicuique
527 2253 620 2280 eam
654 2240 849 2282 habenti.
873 2240 1095 2279 noluerint
1121 2251 1307 2289 vnquam
1341 2238 1536 2288 accipere
1566 2236 1721 2284 nostri,
1744 2236 1878 2275 idem-

260 2317 345 2357 que
374 2317 508 2356 prope
538 2305 733 2347 fecerint,
757 2317 854 2344 cum
881 2317 927 2344 se
957 2304 1032 2343 alii
1055 2304 1233 2355 quidam
1256 2304 1310 2342 ad
1334 2303 1533 2354 publicas
1553 2301 1878 2352 disputationes

260 2370 413 2410 eodem
442 2370 748 2410 contulissent.

323 2545 341 2563 a,
360 2536 442 2568 Del.
468 2536 589 2568 multi.
613 2555 653 2558 —
677 2535 694 2561 b
714 2535 778 2567 alii
803 2543 928 2575 supra
956 2543 1053 2565 vers.
1080 2553 1117 2555 —
1141 2543 1155 2560 c
1176 2542 1219 2565 ea
1242 2543 1367 2574 supra
1394 2542 1491 2565 cers.
1526 2551 1566 2555 ——
1602 2532 1619 2558 d
1641 2531 1879 2572 Aliquantu-

261 2590 343 2621 lum
366 2589 490 2621 dubia
514 2589 637 2621 lectio.
662 2607 701 2610 —-
724 2597 740 2614 e
765 2587 869 2627 Quae
894 2589 1115 2627 sequnntur
1137 2587 1279 2618 addita
1302 2588 1395 2618 sunt
1419 2587 1467 2618 ab
1492 2587 1650 2618 aucwre
1683 2585 1727 2616 in
1750 2592 1877 2624 margy.

261 2642 464 2683 inferiore,
489 2644 524 2674 et
547 2641 725 2673 sinistro.

326 2799 336 2816 ¹
361 2796 569 2829 Ludovicus
592 2795 830 2828 Gerardinus.

325 2853 337 2870 ²
359 2850 452 2882 Vide
475 2849 528 2881 sis
549 2849 644 2881 Lm,
674 2848 891 2887 Quadrim„
916 2847 958 2886 V,
983 2847 1054 2879 365.
