2028 3531
364 267 426 301 194
828 267 1030 304 Larisam:
1064 268 1408 313 QUADRIMESTRES

311 384 468 425 dendo.
500 385 568 424 Ab
599 385 786 425 infirmis
815 388 857 425 et
887 386 931 425 in
961 387 1168 426 extremis
1200 386 1508 425 laborantibus
1542 398 1631 425 non
1661 398 1760 426 raro
1790 399 1930 427 accer-

312 451 470 488 suntur
499 450 653 495 nostri,
675 462 763 501 quo
783 453 825 490 et
844 462 995 490 eorum
1026 451 1210 490 audiant
1239 450 1559 497 confessiones,
1590 453 1632 490 et
1662 451 1707 490 in
1738 452 1927 492 transitu

310 513 374 552 eis
403 513 618 553 aduersus
647 514 910 554 daemonum
943 515 1138 554 insultus
1167 515 1317 566 aliquo
1342 514 1585 564 patrocinio
1615 526 1710 554 esse
1741 516 1926 565 possint.

313 578 361 616 ln
404 578 622 628 euangelii
674 579 1027 630 promulgatione
1076 580 1335 630 perpulchre
1379 591 1460 618 suo
1505 591 1686 619 munere
1730 580 1930 631 fungitur

314 642 379 682 Pr.
414 643 570 681 Hector
600 645 610 666 ¹
644 643 688 682 in
718 655 891 683 summo
921 645 1098 695 templo,
1139 644 1325 683 maxime
1355 646 1501 683 autem
1532 644 1615 683 hoc
1643 645 1929 695 quadragesi-

311 707 414 746 mali
446 707 612 747 ieiunio
642 708 833 759 singulis
861 709 1041 757 diebus;
1089 720 1275 758 magnus
1317 709 1482 759 quippe
1526 709 1738 748 continuo
1777 709 1928 749 aderat

308 772 561 812 auditorum
608 773 822 823 plurimas
864 774 1087 813 centurias
1131 773 1437 813 excedentium
1480 784 1738 820 concursus,
1788 774 1928 813 maior

311 848 411 875 vero
440 839 531 876 erat
560 849 711 877 eorum
754 836 953 877 omnium
996 839 1254 889 applausus,
1303 837 1522 876 maximus
1565 837 1756 888 denique
1801 838 1927 889 spiri-

309 901 444 940 tualis
473 902 656 949 fructus,
687 914 817 953 quem
847 915 899 942 ex
933 903 1010 942 tali
1055 902 1303 942 ministerio
1348 902 1436 941 fere
1480 914 1633 941 omnes
1675 902 1925 942 eliciebant.

310 965 476 1004 Horum
500 977 690 1017 namque
710 978 843 1005 causa
864 966 1042 1006 fuerunt
1073 967 1278 1006 robustae
1311 967 1424 1005 vires
1454 966 1616 1005 mentis
1645 968 1685 1005 et
1714 967 1926 1017 corporis,

307 1041 419 1081 quas
448 1029 663 1069 immensa
694 1030 771 1070 Dei
806 1031 982 1070 bonitas
1019 1031 1158 1070 eidem
1200 1030 1317 1069 Patri
1362 1030 1735 1075 communicauit;
1783 1031 1929 1071 exitus

307 1094 441 1141 enim,
474 1096 518 1133 vt
547 1095 688 1142 aiunt,
720 1097 817 1135 acta
847 1096 1047 1146 probant.
1092 1096 1152 1135 De
1192 1095 1414 1146 spirituali
1449 1096 1643 1145 profecto
1675 1095 1767 1147 [sic]
1800 1107 1928 1135 nemo

307 1161 373 1198 est
392 1159 468 1210 qui
490 1160 708 1211 ambigat;
732 1160 784 1200 de
804 1161 1021 1211 corporali
1045 1173 1146 1200 vero
1177 1160 1445 1207 valetudine,
1471 1171 1549 1199 nec
1568 1171 1621 1199 ex
1647 1160 1826 1207 nostris,
1851 1172 1929 1200 nec

307 1236 358 1263 ex
388 1225 581 1264 externis
610 1225 727 1265 vllus
758 1237 952 1276 unquam
984 1226 1198 1265 iudicauit
1231 1237 1359 1276 posse
1398 1237 1498 1264 eum
1537 1225 1754 1264 eiusmodi
1786 1225 1928 1276 quoti-

307 1289 489 1329 dianum
519 1301 697 1329 cursum
718 1290 773 1330 ad
801 1293 958 1330 metam
988 1291 1250 1341 producere;
1284 1290 1417 1341 idque
1448 1301 1536 1329 non
1568 1290 1682 1329 leuis
1711 1290 1926 1341 quaedam

306 1354 522 1393 stomachi
552 1354 835 1405 indispositio
867 1367 966 1394 mox
988 1355 1033 1394 in
1060 1355 1156 1406 ipso
1185 1366 1426 1405 congressu
1456 1355 1747 1405 subsequuta,
1779 1366 1929 1405 coepe-

307 1421 373 1458 rat
397 1419 670 1459 confirmare.
694 1419 778 1459 Sed
810 1420 894 1471 pijs
925 1421 989 1469 (ut
1009 1420 1124 1460 credi
1147 1420 1292 1468 datur)
1324 1419 1616 1469 plurimorum
1648 1419 1928 1458 orationibus

306 1494 406 1522 eum
450 1484 568 1523 Deus
597 1483 695 1535 Opt.
728 1485 841 1525 Max.
872 1485 1100 1535 pristinae.
1133 1484 1242 1535 quin
1287 1486 1329 1523 et
1371 1484 1539 1523 saniori
1577 1484 1823 1523 valetudini
1865 1496 1928 1523 re-

306 1548 465 1595 stituit,
506 1551 547 1587 et
584 1549 639 1588 ad
683 1549 813 1588 finem
859 1561 994 1601 vsque
1036 1549 1335 1589 conseruauit.
1383 1549 1673 1588 Potissimum
1704 1551 1851 1588 tamen
1883 1549 1924 1588 id

305 1612 507 1652 effectum
537 1614 695 1664 opinor
723 1614 928 1665 precibus
957 1614 1187 1654 cuiusdam
1228 1614 1305 1653 Dei
1341 1614 1474 1659 serui,
1506 1613 1582 1664 qui
1613 1613 1799 1653 salutem
1831 1614 1928 1653 ani-

306 1690 477 1718 marum
506 1679 635 1718 valde
664 1679 834 1726 sitiens,
865 1691 965 1719 cum
996 1680 1107 1718 Pris.
1142 1679 1339 1718 Rectoris
1373 1679 1696 1729 aegritudinem
1735 1679 1924 1722 audiret.

306 1743 474 1794 vigilijs
502 1755 552 1782 ac
581 1743 831 1794 disciplinis
860 1744 999 1784 Deum
1030 1744 1191 1783 obnixe
1220 1744 1552 1794 deprecabatur,
1585 1745 1630 1782 vt
1660 1755 1773 1794 quae
1808 1744 1928 1783 infir-

306 1807 437 1847 mitas
466 1808 551 1859 ipsi
583 1808 702 1847 Patri
732 1809 980 1848 obuentura
1009 1810 1115 1855 erat,
1148 1809 1194 1847 in
1225 1809 1463 1859 ipsummet
1491 1809 1795 1859 deprecantem
1826 1820 1927 1847 con·

306 1874 561 1912 uerteretur.
599 1873 860 1913 Exauditam
891 1874 1020 1913 credo
1049 1873 1279 1912 charitatis
1321 1873 1498 1923 plenam
1532 1873 1792 1921 orationem,
1825 1884 1926 1912 cum

306 1937 374 1977 Pr.
406 1949 508 1976 mox
538 1937 887 1977 incolumitatem
929 1938 1140 1985 sentiens9
1186 1938 1328 1989 ipsum
1376 1950 1452 1988 per
1480 1938 1505 1976 S
1535 1938 1603 1977 vel
1646 1938 1792 1977 decem
1832 1938 1926 1977 dies

305 2002 502 2042 febribus
540 2003 814 2042 laborantem
853 2003 1078 2042 inuiseret.
1112 2002 1178 2042 sit
1208 2014 1367 2042 nomen
1406 2002 1584 2041 Domini
1628 2002 1925 2042 benedictum.

383 2068 420 2107 2.
454 2068 639 2107 Fructus
669 2070 831 2115 autem,
854 2068 930 2119 qui
956 2068 1212 2107 huiusmodi
1243 2069 1478 2107 conciones
1509 2067 1603 2118 (Dei
1634 2067 1791 2118 gratia)
1825 2079 1927 2106 con·

304 2135 552 2183 sequuntur
598 2133 822 2179 vberrimi,
872 2133 1081 2183 explicari
1127 2133 1199 2171 vix
1243 2135 1436 2183 queunt;
1484 2134 1611 2182 prout
1656 2144 1707 2170 ex
1751 2131 1925 2171 arcanis

304 2197 661 2237 confessionibus
690 2197 1047 2247 deprehenditur,
1079 2200 1121 2236 et
1150 2198 1356 2236 nonnulli
1386 2197 1551 2236 sublati
1581 2197 1749 2236 abusus
1778 2199 1925 2247 aperte

304 2264 543 2302 testantur:
576 2274 762 2313 quorum
796 2274 910 2301 Vnus
939 2264 1026 2301 erat
1065 2274 1153 2301 non
1193 2262 1414 2301 modicum
1459 2262 1647 2301 afferens
1689 2262 1925 2301 animabus

304 2327 605 2378 preiuditium.
638 2339 725 2377 quo
755 2327 1054 2366 introductum
1085 2330 1175 2366 erat
1206 2327 1470 2377 antiquitus,
1502 2329 1545 2366 vt
1565 2327 1603 2365 si
1633 2327 1702 2366 cui
1735 2326 1925 2365 feminae

304 2394 426 2443 pater
446 2392 514 2430 vel
536 2394 687 2439 mater,
710 2392 844 2435 filius,
869 2392 1069 2432 maritus.
1103 2392 1248 2439 frater,
1272 2404 1469 2437 sororue‚
1501 2394 1580 2431 etc.
1605 2403 1628 2430 e
1658 2391 1747 2430 vita
1777 2391 1925 2430 subla-

303 2459 375 2496 tus
404 2458 540 2496 esset:
572 2456 691 2503 huic,
725 2456 846 2507 vulgi
882 2468 1081 2495 murmur
1123 2457 1310 2495 euadere
1353 2456 1564 2507 cupienti,
1611 2467 1788 2495 necesse
1831 2457 1924 2495 erat

303 2533 379 2572 per
408 2521 629 2572 integrum
659 2521 812 2560 saltem
853 2532 1020 2559 annum
1064 2521 1182 2559 domi
1227 2521 1391 2560 clausis
1434 2521 1639 2560 fenestris
1682 2532 1920 2559 remanere.

302 2585 514 2625 Effectum
545 2587 611 2624 est
640 2585 816 2624 tandem
845 2585 1001 2624 diuina
1030 2597 1126 2635 ope,
1159 2588 1217 2631 vt,
1255 2597 1353 2624 cum
1388 2585 1581 2636 publicis
1613 2584 1921 2632 concionibus,

303 2652 395 2689 tum
425 2649 613 2701 priuatis
641 2650 774 2689 etiam
803 2649 1202 2692 exhortationibus,
1237 2650 1496 2689 huiusmodi
1535 2649 1783 2700 corruptela
1819 2660 1923 2688 eua-

302 2715 470 2761 nuerit;
503 2715 649 2766 etqui
680 2715 792 2754 duos
821 2725 962 2753 annos
1005 2714 1247 2764 aliquando
1291 2715 1418 2765 quasi
1461 2714 1650 2753 carceris
1692 2713 1923 2753 domestici

302 2780 565 2827 sustinebat,
597 2791 715 2819 nunc
748 2779 861 2819 duos
906 2790 1077 2818 menses
1120 2779 1193 2818 vix
1236 2782 1368 2830 queat
1411 2779 1644 2819 sustinere.
1692 2777 1812 2828 Quae
1855 2789 1924 2817 res

301 2847 516 2894 quantum
564 2843 885 2884 aedificationis
932 2843 1108 2894 ipsimet
1154 2844 1303 2893 vulgo,
1354 2844 1466 2883 alias
1509 2843 1640 2883 solito
1684 2843 1920 2889 oblatrare,

363 3040 371 3057 ¹
396 3038 433 3070 P.
459 3039 675 3071 Balthassar
705 3039 831 3071 Pifias.
