2028 3531
362 290 433 324 518
836 290 1039 326 ermnm
1073 288 1418 332 QUADmMEsrans

317 408 424 447 Nam
456 408 560 447 dum
594 408 790 458 plerique
818 420 870 447 ex
902 407 1036 446 variis
1070 405 1270 457 partibus
1305 404 1350 443 in
1384 403 1575 443 alienam
1605 404 1930 454 possessionem

315 475 580 512 conarentur
611 473 789 513 irruere.
822 475 862 511 et
893 472 992 511 illas
1023 470 1152 510 nobis
1195 470 1289 508 iure
1332 468 1607 519 mancipatas
1641 480 1746 519 opes
1787 480 1934 508 occoe-

316 540 490 588 perunt,
525 538 679 577 volunt
708 549 757 576 os
786 537 975 587 cingere,
1009 536 1109 575 illas
1148 546 1235 585 quo
1276 533 1451 573 facilius
1479 545 1502 572 e
1531 533 1739 573 manibus
1769 533 1933 573 nostris

315 604 639 653 extorquerent,
674 602 936 641 labefactare
969 601 1099 639 vitam
1132 598 1426 649 singulorum,
1467 597 1776 646 eruditionem,
1812 609 1934 648 prae-

315 669 539 717 ceptorum
570 668 820 705 nostrorum
853 666 1131 716 pai-uitatem,
1161 663 1412 702 institutum
1435 662 1567 702 etiam
1588 662 1813 702 criminari
1834 662 1932 702 ausi

315 734 421 771 sunt
449 732 566 782 apud
596 733 798 770 senatum
830 731 1131 781 parisiensem.
1168 727 1312 767 Huius
1345 727 1483 766 totius
1519 727 1864 777 perturbationis
1892 728 1934 766 et

314 797 580 836 calamitatis
611 797 819 835 authores
848 796 968 834 fuere
998 793 1289 834 clarmontani
1316 792 1462 840 ciues3
1494 792 1586 843 qui,
1615 803 1712 831 cum
1736 792 1935 831 viderent

316 874 525 913 magnum
556 862 665 900 illud
697 861 793 900 auri
823 861 998 911 pondus
1029 860 1219 907 legatum
1251 857 1396 905 nobis,
1420 869 1581 908 magno
1602 857 1707 904 fore,
1725 856 1763 896 si
1784 868 1934 896 conse-

315 927 391 977 qui
422 928 618 977 possent,
653 927 749 966 vsui
793 926 878 965 sibi
909 927 951 964 et
980 924 1150 964 ciuitati
1196 934 1274 962 sue
1317 922 1562 969 commodo,
1600 922 1705 962 dum
1739 933 1786 961 se
1814 921 1934 961 solos

315 992 577 1042 profitentur
598 991 793 1035 heredes,
815 990 992 1029 nomine
1014 1000 1255 1040 pauperum
1274 988 1695 1034 clarmontanorum,
1714 986 1932 1026 Lutetiam

315 1056 655 1106 proficiscuntur
684 1068 844 1095 nouam
877 1054 1091 1093 decreturi
1123 1055 1274 1093 contra
1306 1064 1388 1091 nos
1417 1052 1737 1102 quaestionem,
1769 1053 1812 1091 et
1839 1051 1934 1091 suis

314 1123 567 1171 coeperunt,
600 1121 718 1160 haud
748 1121 839 1159 scio
878 1120 1042 1170 quibus
1072 1121 1111 1157 et
1147 1130 1280 1169 quam
1324 1117 1455 1156 iustis
1498 1116 1762 1165 rationibus,
1806 1127 1933 1156 suam

314 1196 410 1224 esse
433 1185 660 1235 pecuniam
685 1184 924 1232 affirmare;
951 1185 993 1223 in
1018 1195 1105 1233 quo
1126 1181 1304 1221 silentio
1328 1193 1520 1232 premam
1541 1183 1649 1232 quot
1678 1182 1720 1220 et
1744 1182 1934 1232 quantas

315 1249 361 1288 in
391 1261 473 1288 nos
501 1249 749 1288 calumnias
778 1248 1082 1299 produxerint,
1115 1248 1218 1286 dum
1250 1258 1332 1285 nos
1362 1245 1628 1297 incognitos,
1660 1247 1864 1285 externos
1893 1246 1935 1284 et

315 1325 367 1353 ex
396 1314 596 1353 barbaris
628 1326 761 1353 vnum
793 1314 837 1352 in
869 1313 1013 1352 locum
1044 1313 1218 1351 coactos
1258 1310 1531 1358 nationibus,
1572 1322 1727 1361 parum
1766 1309 1932 1357 fideles,

316 1378 446 1418 rudes
489 1380 532 1418 et
574 1378 752 1429 ignaros
795 1380 836 1417 et
880 1378 1085 1429 pleraque
1128 1376 1215 1415 alia
1244 1384 1261 1402 ἃ
1291 1375 1528 1415 criminum
1557 1374 1576 1400 b
1603 1386 1778 1426 genera,
1822 1385 1935 1424 quae

315 1443 476 1483 tacitus
505 1445 744 1494 praetereo,
777 1443 1046 1482 obiecerunt.
1091 1442 1172 1481 His
1211 1443 1358 1480 tamen
1396 1440 1592 1492 prudens
1629 1441 1812 1480 senatus
1844 1450 1934 1479 non

316 1509 375 1548 ita
406 1508 534 1547 facile
563 1508 825 1558 obsequitur
854 1510 987 1558 atque
1021 1507 1162 1554 audit,
1207 1506 1314 1557 quin
1358 1506 1483 1557 prius
1525 1505 1761 1556 diligenter
1804 1505 1936 1544 verba

316 1573 568 1612 testamenti
607 1573 874 1623 appendant,
907 1575 948 1611 et
977 1584 1029 1611 ex
1059 1572 1150 1611 illis
1192 1572 1466 1610 voluntatem
1508 1570 1688 1610 eliciant
1716 1572 1757 1609 et
1785 1580 1936 1609 conse-

316 1639 511 1687 quantur
540 1637 760 1688 episcopi;
792 1649 878 1687 qua
910 1636 1083 1675 tandem
1115 1636 1306 1687 cognita,
1334 1634 1490 1674 statuit
1519 1634 1649 1673 nobis
1679 1633 1773 1673 iure
1801 1632 1935 1672 eximi

316 1714 405 1741 non
435 1713 563 1752 posse
594 1702 804 1752 pecunias
833 1713 943 1752 quas
975 1701 1105 1740 nobis
1138 1701 1320 1739 vtendas
1350 1700 1648 1750 fruendasque
1683 1697 1935 1749 reliquisset

315 1766 562 1817 episcopus.
597 1766 704 1806 Cum
736 1766 885 1816 itaque
924 1766 1075 1805 vident
1114 1766 1214 1804 illas
1244 1777 1290 1804 se
1320 1764 1520 1804 obtinere
1565 1764 1744 1803 minime
1788 1774 1932 1814 posse,

314 1843 411 1870 cum
453 1833 598 1871 autem
639 1831 751 1870 nihil
783 1831 835 1870 de
865 1831 1009 1877 nobis,
1055 1833 1095 1869 at
1141 1832 1312 1869 tantum
1358 1830 1410 1869 de
1459 1828 1747 1868 facultatibus
1788 1829 1935 1867 essent

315 1895 493 1943 soliciti,
525 1896 658 1935 aliam
690 1896 822 1946 paulo
852 1895 1160 1935 humaniorem
1205 1894 1474 1934 meditantur
1501 1893 1635 1942 viam,
1666 1904 1716 1932 ac
1745 1892 1798 1932 de
1827 1892 1935 1931 inte-

315 1972 393 2011 gro
422 1960 545 2000 litem
575 1961 790 2000 aduersus
819 1961 940 1999 ciues
970 1962 1145 1999 nostros
1167 1961 1361 2006 mouent,
1394 1961 1438 1998 vt
1468 1958 1703 2009 collegium
1734 1959 1933 1997 nostrum

315 2025 582 2076 Gergouiam
604 2027 615 2048 1
638 2025 971 2073 transferretur3
1003 2037 1083 2064 nec
1102 2027 1274 2064 tantum
1296 2025 1349 2063 de
1369 2023 1585 2075 pecuniis,
1617 2023 1693 2062 sed
1724 2022 1776 2061 de
1806 2021 1934 2061 nobis

315 2089 446 2129 etiam
485 2090 809 2140 consequendis
848 2090 1074 2139 agebatur,
1121 2089 1414 2129 clarmontani
1445 2100 1523 2128 sue
1551 2087 1748 2128 ciuitatis
1777 2085 1935 2126 nobili-

315 2156 463 2201 tatem,
504 2155 654 2201 situm,
699 2154 1058 2194 commoditatem
1101 2156 1391 2205 exponentes;
1436 2155 1589 2193 contra
1632 2152 1771 2191 nostri
1813 2151 1934 2190 ciues

315 2220 453 2259 altera
495 2231 547 2259 ex
592 2222 714 2270 parte
756 2220 1031 2259 voluntatem
1076 2219 1287 2270 episcopi,
1332 2218 1699 2258 consuetudinem
1741 2227 1935 2266 suasque

316 2284 427 2323 alias
460 2285 689 2335 plerasque
719 2284 913 2323 rationes
943 2287 1203 2324 asserentes.
1236 2284 1429 2323 Tandem
1454 2285 1499 2322 vt
1521 2282 1623 2322 victi
1652 2280 1935 2321 discesserint

315 2350 624 2398 clarmontani,
656 2361 753 2389 ecce
784 2362 885 2388 vero
915 2349 1145 2388 bilhiomei
1185 2350 1306 2388 ciues
1335 2351 1378 2388 et
1410 2347 1612 2388 canonici
1651 2347 1824 2386 easdem
1865 2357 1934 2396 pe-

315 2415 486 2462 cunias,
511 2416 555 2454 vt
576 2414 621 2453 in
644 2426 770 2454 vsum
794 2414 1018 2465 proprium
1042 2416 1362 2460 conuerterent,
1385 2416 1423 2453 et
1447 2411 1764 2453 clarmontanis
1784 2422 1933 2450 earum

315 2492 437 2531 spem
469 2491 643 2519 omnem
674 2479 932 2525 adimerent,
978 2479 1196 2518 Lutetiam
1242 2479 1406 2529 pariter
1435 2478 1613 2525 adeunt,
1645 2488 1773 2516 suam
1801 2487 1934 2525 expo-

316 2547 429 2584 nunt
458 2545 504 2583 in
534 2546 691 2584 senatu
721 2556 925 2591 causam;
957 2546 998 2583 et
1027 2544 1131 2583 dum
1153 2544 1205 2583 ad
1234 2556 1314 2583 nos
1344 2544 1529 2583 veniunt
1558 2543 1737 2582 nomine
1767 2540 1934 2580 fauoris

316 2611 448 2659 atque
468 2609 693 2660 praesidii,
716 2620 888 2648 omnem
912 2608 1038 2647 vultu
1060 2608 1322 2648 simulantes
1344 2607 1697 2648 beneuolentiam
1719 2607 1762 2646 et
1780 2617 1930 2656 opem;

316 2686 450 2725 seque
479 2685 524 2713 se
545 2685 594 2713 ac
615 2686 719 2713 suas
740 2673 970 2712 facultates
1002 2685 1078 2723 pro
1110 2674 1238 2712 nobis
1267 2675 1418 2713 contra
1448 2673 1777 2712 clarmontanos
1805 2682 1934 2721 expo-

316 2739 505 2786 situros;
538 2739 743 2778 absentes
773 2740 938 2788 postea,
971 2738 1065 2776 suis
1098 2740 1142 2776 vt
1171 2738 1419 2777 inseruiant
1456 2736 1714 2784 commodis,
1751 2747 1831 2774 nos
1860 2746 1934 2774 cu-

376 2912 395 2930 a
415 2904 488 2935 alia
521 2912 647 2944 supra
683 2911 781 2934 vers.
806 2921 844 2924 —
868 2902 886 2927 b
908 2902 1151 2933 criminorum
1176 2912 1245 2933 ms.
1271 2903 1318 2942 (ἣ)

378 3065 387 3082 ¹
412 3064 435 3096 i.
461 3073 491 3096 e.
516 3061 910 3095 Clermont-Ferrand.
