2028 3531
461 275 542 311 570.
570 296 611 301 —-
640 275 883 311 VINDOBONA
912 275 928 310 1
958 275 1215 311 SEPTEMBms
1245 276 1330 311 1561
1601 275 1669 310 507

84 395 329 446 petebatur,
362 396 585 445 praestare
616 405 745 445 posse
777 395 948 441 Rector,
980 393 1063 433 hoc
1102 393 1303 433 videlicet
1338 394 1618 444 negotiorum
1649 405 1719 443 ge-

85 471 186 503 nus,
209 471 301 498 non
321 461 410 498 tam
432 470 615 498 suarum
638 459 847 510 partium,
871 470 1004 509 quam
1029 458 1321 508 prouincialis
1351 469 1447 497 esse
1477 458 1716 496 affirmans.

86 525 166 564 Ille
204 536 307 564 vero
345 526 514 571 contra,
562 524 788 575 negotium
836 535 910 575 per
951 523 1262 573 imperatorem
1308 534 1489 574 vrgere:
1523 522 1716 563 tandem.

85 590 239 637 misso,
271 589 359 628 iam
389 588 600 636 secundo,
632 590 792 629 abbate
821 588 1030 640 quodam,
1071 588 1147 639 qui
1188 588 1368 627 nomine
1408 587 1718 638 episcoporum

86 654 344 706 Hungariae
364 654 603 694 electorum
634 654 843 705 preterito
872 665 992 693 anno
1022 653 1078 692 ad
1108 653 1323 693 sanctis.¹¹l
1358 653 1590 692 dominum
1622 664 1722 691 nos-

86 722 203 760 trum
234 719 363 759 Pium
394 722 603 770 quartum
626 720 791 759 missus
812 719 970 766 fuerat,
1004 718 1048 757 id
1078 730 1102 757 a
1134 717 1231 758 Β.ᾱο
1256 718 1305 758 Ρ.
1331 718 1620 761 Prouinciali,
1644 717 1721 768 qui

86 788 192 825 tunc
230 785 341 824 forte
383 785 621 836 collegium
665 787 868 824 nostrum
913 784 1177 823 visitaturus
1217 784 1385 830 aderat,
1417 783 1628 824 obtinuit.
1675 785 1722 822 ut

86 851 246 890 Rector
274 862 341 898 eo,
373 852 488 890 stato
510 852 721 901 tempore,
745 862 791 889 se
811 850 1044 889 conferret.
1078 849 1242 888 Verum
1272 851 1321 888 ut
1351 851 1456 888 sunt
1487 860 1556 887 res
1586 847 1723 887 huius

86 916 203 955 vitae
232 915 553 961 inconstantes,
600 915 827 967 negotium
872 914 1031 966 synodi
1076 914 1208 965 longe
1238 914 1381 961 aliter,
1414 925 1546 964 quam
1579 913 1724 953 crede-

86 982 231 1029 batur,
263 981 434 1021 cecidit.
468 981 576 1020 Nam
609 993 709 1020 cum
739 980 827 1032 pijs
856 980 1022 1031 optatis
1053 980 1164 1019 tanti
1195 979 1408 1030 episcopi,
1440 981 1482 1018 et
1512 978 1723 1018 obedien-

87 1046 174 1086 tiae
205 1048 312 1097 (non
342 1048 490 1086 tamen
519 1046 629 1086 citra
650 1045 833 1097 aliquod
853 1045 990 1084 huius
1010 1045 1186 1096 collegij
1210 1044 1558 1095 incommodum)
1582 1044 1724 1083 facere

87 1111 197 1151 satis
227 1112 302 1151 ille
336 1112 568 1158 voluisset,
614 1111 845 1151 commodo
890 1113 1086 1161 tempore
1130 1110 1235 1149 hinc
1280 1110 1518 1161 profectus,
1564 1108 1723 1160 synodi

87 1177 503 1229 desyderatissimae
537 1189 585 1216 ac
625 1176 980 1228 pernecessariae
1025 1175 1267 1226 uestigium
1311 1175 1486 1215 inuenit
1530 1174 1721 1214 nullum.

88 1243 191 1283 Erat
219 1243 336 1283 enim
369 1243 519 1283 nescio
548 1255 661 1295 quas
689 1243 746 1282 ob
776 1254 950 1289 causas,
975 1253 1137 1292 magno
1167 1252 1275 1280 sane
1305 1240 1604 1287 incommodo,
1638 1252 1726 1279 ma-

88 1320 265 1360 gnoque
294 1309 491 1360 episcopi
521 1309 672 1348 dolore
703 1308 750 1347 in
770 1307 895 1347 aliud
917 1309 1093 1358 tempus
1122 1306 1362 1346 celebratio
1393 1306 1517 1345 illius
1549 1305 1722 1345 reiecta.

88 1374 262 1414 Placuit
293 1375 471 1414 interim
502 1374 684 1414 diuinae
706 1373 925 1413 maiestati
948 1385 1003 1412 ne
1026 1373 1186 1412 Rector
1215 1372 1379 1412 frustra
1410 1371 1523 1411 illud
1552 1370 1727 1410 itineris

89 1440 327 1491 perficeret.
357 1440 469 1479 Nam
499 1442 808 1491 praeterquam
838 1439 958 1490 quod
988 1438 1081 1478 illic
1115 1438 1291 1489 collegij
1324 1436 1628 1489 tyrnauiensis
1658 1448 1727 1475 ae-

89 1505 287 1545 dificium
319 1505 599 1545 mediocriter
628 1504 868 1556 promouit,
902 1505 944 1544 in
976 1506 1100 1543 tanta
1136 1503 1298 1543 mentis
1333 1502 1609 1542 desolatione
1640 1502 1688 1542 R.
1700 1509 1727 1527 1¹¹

88 1574 461 1622 prememoratum
491 1570 764 1622 episcopum.
788 1573 878 1609 tam
904 1569 1180 1611 diuexatum,
1213 1571 1393 1620 tamque
1423 1579 1573 1607 secum
1604 1566 1727 1606 varia

89 1636 347 1688 agitantem,
380 1648 429 1676 ac
460 1636 609 1676 nescio
649 1648 763 1687 quae
807 1636 1094 1675 meditantem
1138 1634 1328 1681 inuenit,
1361 1633 1479 1684 quod
1511 1633 1583 1672 uel
1613 1632 1729 1672 hanc

89 1702 232 1742 solam
261 1703 319 1742 ob
347 1714 544 1749 causam,
577 1702 660 1741 iter
689 1701 830 1741 multo
860 1701 1041 1752 longius
1071 1700 1258 1746 emetiri,
1291 1711 1342 1739 ac
1371 1699 1547 1738 labores
1588 1698 1728 1737 multo

91 1767 321 1818 grauiores
370 1767 526 1807 merito
573 1766 724 1807 subire
767 1767 1009 1806 debuisset.
1057 1766 1299 1805 Recreatus
1343 1764 1493 1815 itaque
1538 1762 1729 1802 maxime

90 1833 288 1873 aduentu
318 1833 465 1872 Patris
495 1833 621 1872 Rffssus
652 1832 728 1872 ille
771 1832 818 1872 in
862 1832 1019 1883 primis
1063 1831 1168 1878 fuit3
1215 1830 1375 1870 deinde
1419 1841 1548 1869 suam
1591 1831 1727 1868 totam

90 1898 286 1938 animam
317 1899 648 1950 quamprimum
678 1898 725 1937 in
756 1897 903 1937 Patris
931 1899 1087 1948 pectus
1127 1896 1244 1936 ultro
1283 1895 1464 1942 effudit;
1506 1896 1730 1945 postremo

90 1963 188 2003 eius
216 1963 434 2014 consiliis,
458 1975 509 2003 ac
529 1963 791 2007 sententiae,
824 1963 993 2014 absque
1018 1962 1108 2001 vlla
1130 1960 1462 2007 detrectatione,
1486 1959 1558 1999 uir
1578 1958 1732 2010 grauis

91 2029 340 2081 acquieuit;
377 2041 456 2069 nec
495 2029 636 2068 latum
675 2040 798 2076 sane,
839 2028 959 2079 quod
1003 2027 1145 2074 aiunt,
1195 2037 1388 2077 unguem
1432 2026 1488 2064 ab
1531 2024 1730 2064 eiusdem

92 2094 238 2135 Patris
280 2094 468 2134 decretis
501 2094 558 2133 ad
591 2094 712 2134 hunc
756 2105 897 2145 usque
940 2093 1057 2132 diem
1101 2091 1306 2132 discessit
1352 2091 1398 2130 in
1441 2089 1731 2130 conficiendis

91 2160 284 2212 negotijs
305 2160 412 2209 illis,
435 2172 626 2212 quorum
656 2159 1014 2199 consideratione
1036 2160 1169 2210 atque
1195 2157 1416 2209 grauitate
1446 2156 1733 2196 vehementer

92 2227 354 2278 angebatur,
386 2228 426 2266 et
457 2238 571 2278 quae
601 2226 732 2277 longe
762 2225 850 2265 alia
881 2224 1068 2271 ratione,
1109 2235 1160 2264 ac
1198 2235 1250 2263 ea
1292 2223 1473 2274 quidem
1516 2221 1733 2273 periculo—

92 2291 273 2331 sissima
301 2294 417 2331 certe
446 2293 728 2342 pertractare,
773 2290 928 2330 eodem
972 2290 1104 2340 plane
1147 2289 1234 2333 die,
1275 2300 1364 2340 quo
1395 2288 1555 2327 Rector
1584 2288 1734 2326 noster

93 2369 145 2397 eo
173 2358 421 2409 appulerat,
453 2369 600 2397 secum
633 2358 864 2396 statuerat.
911 2355 1098 2407 Negotia
1143 2367 1249 2395 uero
1293 2354 1387 2401 illa,
1420 2354 1511 2393 Deo
1546 2353 1604 2392 sit
1634 2352 1733 2392 laus

93 2425 136 2463 et
164 2423 322 2471 honor,
353 2423 559 2472 consilio,
600 2422 887 2470 authoritate,
933 2433 1022 2472 qua
1065 2433 1155 2460 non
1201 2431 1357 2472 parum
1402 2419 1521 2470 apud
1567 2418 1733 2458 multos

93 2489 228 2537 ualet,
260 2491 302 2528 et
331 2500 465 2540 opera
493 2488 600 2528 dicti
621 2487 822 2528 Rectoris
843 2487 1030 2527 feliciter
1059 2488 1166 2526 sunt
1193 2486 1407 2526 confecta.
1439 2485 1581 2525 Tanto
1612 2495 1736 2535 prae-

93 2557 213 2595 terea
243 2554 421 2606 pietatis
450 2554 611 2594 affectu
641 2553 905 2594 Societatem
934 2553 1051 2592 hanc
1081 2552 1312 2592 minimam
1339 2553 1538 2590 nostram
1568 2549 1736 2600 episco-

95 2632 180 2672 pus
210 2620 282 2660 hic
311 2632 414 2660 uere
443 2620 546 2671 pius
577 2618 875 2671 prosequitur,
909 2621 958 2658 ut
986 2630 1078 2658 non
1108 2617 1244 2657 aliam
1275 2617 1332 2656 ob
1363 2627 1542 2656 causam
1574 2614 1732 2665 magis,

96 2698 346 2738 regressum
377 2686 423 2725 in
453 2685 828 2737 Transyluaniam
859 2686 1012 2735 optare
1047 2683 1270 2730 uideatur,
1311 2694 1447 2734 quam
1477 2683 1526 2721 ut
1557 2680 1735 2719 munifi-

96 2751 402 2792 centissimum
433 2751 656 2803 quoddam
688 2750 782 2790 illic
811 2752 990 2789 nostrae
1033 2748 1269 2789 Societatis
1311 2746 1549 2798 collegium
1585 2745 1735 2785 statim

97 2816 251 2868 erigat.
284 2816 453 2867 Quodsi
483 2815 716 2856 nitriensis
745 2815 1030 2866 episcopatus
1060 2815 1145 2854 hoc
1174 2813 1291 2853 idem
1332 2813 1443 2852 ferre
1482 2812 1647 2862 posset,
1683 2810 1737 2849 de

98 2881 225 2922 nulla
254 2893 300 2921 re
330 2881 456 2933 prius
484 2880 713 2932 cogitaret,
759 2892 893 2932 quam
925 2881 974 2920 ut
1003 2891 1136 2919 Vnam
1168 2878 1389 2918 coloniam
1424 2888 1477 2916 ex
1507 2876 1623 2915 Vrbe
1662 2875 1738 2915 So-

98 2947 271 2987 cietatis
292 2948 470 2986 nostrae
490 2946 692 2986 obtinere
712 2945 1012 2985 contenderet.
1047 2943 1229 2984 Interim
1260 2954 1367 2982 uero
1396 2940 1561 2981 summi
1590 2940 1738 2980 cuius-

98 3012 201 3052 dam
231 3012 432 3063 beneficij
475 3012 573 3052 loco
611 3013 851 3063 reputaret,
883 3010 921 3050 si
952 3010 1158 3062 precibus
1188 3021 1213 3049 a
1243 3009 1295 3048 R.
1329 3007 1377 3047 T.
1412 3007 1459 3046 P.
1492 3006 1686 3046 alicuius
1714 3017 1738 3045 e
