2028 3531
334 298 403 333 531
806 297 1009 334 LITTERAE
1044 298 1388 343 Qummnmsmms

291 416 411 455 165115
440 417 571 466 atque
600 415 837 454 dominicis
865 416 1121 461 conciones;
1163 415 1273 454 alter
1302 415 1418 465 apud
1450 415 1499 454 D.
1532 414 1774 465 Virginem,
1797 415 1906 454 alter

289 481 333 519 in
367 480 703 530 metropolitana
746 480 943 527 ecclesia,
984 480 1058 531 qui
1103 482 1143 519 et
1186 481 1302 530 apud
1348 480 1397 518 D.
1430 479 1762 530 Gangulphum,
1793 491 1906 530 quae

291 546 521 596 paroechia
552 547 614 584 est
648 545 692 583 in
723 546 817 584 foro
847 546 946 592 sita,
978 546 1215 585 admodum
1258 544 1458 592 celebris,
1491 544 1680 595 pastoris
1709 543 1907 584 absentis

291 611 406 650 vices
438 610 575 649 multo
606 610 692 649 iam
722 611 915 660 tempore
945 611 990 649 in
1024 609 1330 650 concionando
1364 609 1552 660 supplet.
1585 608 1824 649 Contluunt
1852 608 1904 648 ad

291 676 370 714 1135
400 687 488 714 11011
520 686 671 725 parum
706 675 848 721 multi,
879 678 921 715 et
951 677 1138 715 maxime
1168 675 1222 713 ad
1252 686 1363 721 eam,
1386 685 1499 725 quae
1529 674 1574 713 in
1604 673 1710 713 aede
1739 673 1789 713 D.
1813 673 1908 713 Vir-

289 740 380 791 gini
413 752 536 779 sacra
569 752 695 779 mane
724 740 795 788 flt3
828 741 883 779 ad
912 753 1060 792 quam,
1092 752 1190 780 cum
1237 739 1509 789 paucissimi,
1555 739 1667 778 vltra
1703 738 1784 777 tria
1833 738 1908 777 ho-

290 805 458 843 minum
509 804 631 843 milia
677 805 913 855 promiscui
956 818 1087 844 sexus
1135 803 1436 851 conueniunt;
1470 805 1640 854 praeter
1669 803 1764 849 has,
1796 814 1909 854 quae

290 869 541 908 ordinariae
583 871 700 919 sunt,
746 869 791 909 in
835 870 937 920 alijs
979 881 1154 920 quoque
1197 868 1374 918 templis
1417 870 1458 907 et
1502 867 1781 918 monasterijs
1827 867 1909 918 ple-

291 946 450 985 raeque
480 934 606 979 fiunt,
629 934 745 984 apud
767 935 1091 977 carthusianos,
1116 934 1157 973 S.
1183 933 1483 980 Catharinam,
1516 932 1745 983 Agnetem,
1780 932 1910 971 ,10311-

291 1010 390 1038 116111
420 1001 462 1037 61
491 999 752 1045 Martinum;
786 999 858 1038 vbi
903 1012 1056 1049 nuper,
1088 999 1279 1049 quodam
1323 1009 1375 1036 ex
1410 997 1575 1037 nostris
1602 997 1908 1044 concionante,

289 1075 439 1102 sacrae
468 1063 681 1114 reliquiae
726 1063 857 1114 (quae
886 1066 987 1103 ante
1022 1065 1067 1102 19
1096 1074 1237 1102 3111105
1279 1064 1481 1102 ostensae
1512 1074 1599 1101 non
1636 1062 1809 1101 fuerant
1839 1073 1912 1112 po—

292 1128 411 1178 pulo,
442 1128 560 1179 quod
581 1141 606 1167 a
630 1128 840 1179 religione
868 1129 1109 1168 christiana
1133 1129 1274 1167 factus
1294 1127 1495 1174 alienior,
1515 1127 1619 1166 talia
1642 1126 1912 1177 vilipendere

293 1193 527 1244 videretur)
552 1194 725 1244 publice
745 1194 1069 1233 demonstratae
1090 1195 1219 1241 sunt3
1256 1205 1443 1244 quarum
1466 1192 1750 1232 visendarum
1771 1191 1912 1242 gratia

291 1257 337 1296 in
366 1259 490 1296 tanta
519 1257 644 1308 copia
675 1258 866 1309 populus
895 1258 1152 1297 cateruatim
1183 1257 1388 1302 accurrit,
1411 1259 1457 1296 vt
1486 1257 1634 1308 plures
1654 1255 1807 1307 templi
1837 1268 1913 1295 an-

291 1322 438 1373 gustia
467 1325 646 1365 arceret,
678 1335 810 1374 quam
841 1323 1104 1362 admitteret.

370 1387 409 1426 8.
443 1387 725 1426 Elaboratum
769 1390 834 1427 est
876 1388 1023 1434 etiam,
1072 1389 1113 1426 vt
1159 1386 1425 1426 rusticorum
1472 1398 1648 1437 quoque
1691 1385 1913 1436 spirituali

295 1452 489 1499 Vtilitati,
521 1452 667 1503 quoad
697 1453 793 1492 eius
822 1452 914 1492 fieri
960 1455 1120 1503 posset,
1153 1451 1470 1491 consuleretur.
1509 1451 1585 1490 Est
1628 1461 1768 1502 pagus
1810 1450 1914 1489 huic

294 1517 387 1555 vrbi
422 1517 608 1564 vicinUS,
633 1517 752 1557 haud
782 1517 1031 1564 incelebris,
1054 1529 1104 1556 eo
1136 1517 1260 1556 festis
1289 1528 1338 1555 ac
1367 1515 1604 1556 dominicis
1633 1515 1790 1554 diebus
1814 1526 1915 1554 con-

293 1582 492 1621 cionator
521 1582 762 1632 aliquando
792 1582 996 1630 mittitur,
1020 1581 1095 1632 qui
1120 1581 1331 1632 populum
1361 1581 1604 1620 doctrinam
1627 1579 1914 1619 christianam

296 1646 508 1697 paulatim
538 1647 730 1686 edoceat.
763 1647 860 1686 Non
891 1647 1127 1686 admodum
1159 1648 1312 1697 gratus
1347 1645 1516 1696 primus
1557 1645 1654 1684 eius
1696 1644 1915 1684 aduentus

295 1711 378 1751 fuit
408 1712 614 1762 parocho,
637 1711 713 1763 qui
745 1712 946 1751 fortassis
976 1723 1081 1751 suae
1114 1712 1180 1750 vel
1211 1710 1487 1757 authoritati,
1515 1710 1583 1749 vel
1614 1709 1809 1756 vtilitati,
1833 1709 1915 1748 hac

294 1776 464 1816 ratione
493 1777 663 1827 aliquid
693 1777 974 1816 decessurum
1012 1777 1207 1827 putabat.
1247 1776 1407 1816 Verum
1439 1777 1671 1826 postquam
1702 1786 1791 1813 rem
1825 1785 1916 1813 om-

294 1853 390 1880 nem
424 1841 602 1891 penitus
632 1842 857 1893 cognouit,
881 1842 989 1880 adeo
1021 1853 1109 1880 non
1140 1841 1311 1880 inuitus
1341 1841 1594 1880 redeuntem
1627 1841 1776 1890 postea
1796 1850 1916 1878 exce-

296 1906 373 1957 pit,
406 1908 451 1945 vt
480 1918 657 1957 operam
688 1918 863 1946 omnem
894 1907 960 1946 illi
991 1918 1115 1946 suam
1147 1908 1188 1945 et
1218 1906 1408 1954 offerret,
1440 1907 1482 1944 et
1511 1906 1752 1956 praestaret
1786 1904 1913 1951 vltro,

295 1971 506 2022 quicquid
527 1972 719 2010 habebat
749 1972 972 2011 rusticana
1002 1983 1103 2011 casa
1133 1971 1347 2010 deferens.
1376 1969 1611 2009 Plebecula
1642 1981 1778 2019 Vsque
1807 1968 1916 2008 adeo

296 2036 356 2075 ibi
378 2036 565 2087 simplex
586 2039 664 2083 est,
689 2038 727 2075 61
760 2037 814 2075 ab
844 2036 965 2076 omni
989 2036 1166 2075 vafricie
1188 2036 1348 2082 aliena,
1373 2037 1417 2074 vt
1438 2037 1724 2085 posteaquam
1745 2033 1917 2073 concio·

296 2104 424 2141 nator
445 2102 567 2140 illam
597 2102 859 2141 adhortatur
888 2102 941 2140 ad
974 2101 1302 2152 implorandum
1334 2101 1384 2140 D.
1413 2099 1607 2151 Virginis
1654 2098 1916 2149 suffragium

297 2167 429 2218 (quod
462 2166 507 2205 in
537 2166 717 2206 exordio
738 2167 965 2206 concionis
987 2166 1079 2205 fieri
1101 2166 1295 2219 assolet),
1328 2176 1482 2205 omnes
1502 2165 1548 2203 in
1569 2176 1713 2215 genua
1744 2163 1916 2214 prouol-

296 2233 482 2279 uantur,
516 2243 595 2270 nec
634 2231 757 2281 prius
795 2243 890 2270 sese
921 2231 965 2270 in
1000 2231 1128 2281 pedes
1157 2231 1343 2281 erigant,
1368 2230 1435 2269 Vel
1465 2229 1611 2268 standi
1641 2228 1706 2267 vel
1736 2227 1916 2267 sedendi

296 2296 452 2347 gratia,
476 2296 614 2335 donec
644 2296 845 2335 concioni
877 2296 1007 2335 finem
1040 2296 1253 2345 imponat,
1277 2307 1390 2345 quae
1420 2306 1580 2345 magna
1609 2305 1661 2332 ex
1692 2295 1812 2343 parte
1842 2303 1918 2343 per

296 2361 450 2400 horam
480 2361 623 2400 durat.
657 2360 828 2410 Quibus
859 2361 903 2399 in
935 2360 1043 2399 locis
1084 2360 1319 2399 conciones
1362 2359 1455 2398 fieri
1499 2358 1684 2406 soleant,
1726 2357 1914 2404 audisti3

296 2437 415 2465 nunc
444 2425 563 2473 audi,
595 2426 792 2473 obsecro,
825 2425 930 2476 quid
961 2425 1245 2464 emolumenti
1279 2424 1382 2463 hinc
1426 2424 1471 2462 in
1502 2423 1707 2462 horreum
1740 2421 1916 2461 Domini

297 2492 550 2541 peruectum
593 2491 663 2530 sit.
698 2490 862 2530 Omitto
905 2490 1022 2541 quod
1070 2501 1159 2528 non
1204 2501 1356 2539 parum
1388 2489 1553 2528 multos
1582 2487 1636 2526 ad
1681 2485 1918 2526 confessio-

298 2567 395 2595 nem
440 2567 489 2594 ac
533 2557 807 2606 peccatorum
855 2554 1169 2605 poenitentiam
1217 2553 1530 2604 pertraxerint3
1578 2554 1623 2591 vt
1666 2553 1917 2590 nostrorum

297 2621 488 2672 quodam
519 2632 659 2671 nuper
688 2620 740 2659 de
772 2619 1040 2670 poenitentia
1070 2619 1121 2658 D.
1154 2619 1439 2669 Magdalenae
1481 2617 1785 2662 concionante,
1822 2627 1918 2654 mu-

298 2686 379 2725 lier
398 2685 611 2737 quaedam
644 2687 856 2736 suggestu
877 2684 1175 2731 descendenti,
1201 2684 1352 2723 multis
1382 2683 1426 2722 id
1457 2682 1723 2721 mirantibus
1743 2682 1919 2731 propter

299 2750 359 2789 rei
389 2750 649 2798 nouitatem,
673 2750 873 2789 601116553
903 2750 981 2787 651.
1007 2748 1147 2787 Taceo
1177 2748 1295 2799 quod
1317 2748 1392 2798 alij
1415 2759 1515 2787 cum
1536 2746 1638 2797 alijs
1660 2746 1705 2784 in
1731 2745 1917 2796 gratiam

299 2815 509 2854 redierint
538 2817 788 2854 nostrorum
820 2826 965 2864 opera.
998 2814 1226 2852 Praetereo
1256 2813 1443 2852 libenter
1471 2812 1589 2863 quod
1619 2810 1814 2861 virgines
1842 2809 1917 2848 ali·

298 2882 405 2932 quot
448 2881 502 2919 ad
545 2880 824 2919 subeundum
872 2878 1099 2929 religionis
1144 2878 1295 2928 iugum
1340 2890 1365 2916 a
1408 2876 1572 2916 nostris
1615 2875 1835 2915 animatae
1873 2885 1919 2913 se

298 2945 667 2995 comparauerint.
700 2944 762 2983 Ne
805 2944 963 2993 loquor
1005 2943 1182 2992 quidem
1214 2954 1301 2981 non
1333 2953 1496 2992 paucos
1530 2940 1759 2991 vtriusque
1788 2950 1920 2978 sexus

300 3011 475 3050 libellos
519 3009 808 3061 germanicos,
840 3010 918 3047 aut
959 3007 1221 3058 sphaerulas
1260 3007 1461 3046 horarias
1490 3005 1591 3052 51111,
1623 3006 1670 3044 vt
1698 3016 1750 3043 ex
1779 3003 1918 3043 curio-

300 3077 414 3116 siore
457 3075 635 3114 illorum
679 3074 836 3113 ornatu
868 3073 995 3112 facile
1024 3072 1236 3123 liquebat,
1268 3071 1569 3118 charissimos,
1600 3069 1655 3108 ad
1685 3080 1766 3108 nos
1804 3079 1917 3108 com-
