2028 3531
553 290 633 326 478.
662 312 704 315 —
732 290 951 326 Omswomz:
982 289 1024 324 16
1052 287 1247 324 IANUARII
1278 287 1365 322 1561
1668 288 1728 322 101

144 410 314 450 lasticis
333 417 367 457 ³,
399 410 547 450 omnis
589 409 762 449 ordinis
806 408 893 448 uiri
933 407 1225 447 conueniunt.
1261 406 1422 446 lnuisit
1456 406 1636 457 saepius
1667 406 1782 444 idem

143 475 381 526 collegium
410 475 622 514 dominus
652 473 891 522 Antonius
915 472 1044 513 cuius
1074 475 1198 523 pater
1228 472 1483 512 Lodouicus
1514 471 1630 522 regis
1659 471 1783 510 [oan-

144 540 215 580 nis
244 540 359 591 tertij
393 540 477 580 fuit
507 540 655 587 frater,
687 539 763 591 qui
793 551 893 579 cum
925 538 1176 589 praeteritis
1205 538 1364 578 diebus
1394 538 1440 576 in
1470 537 1623 577 eodem
1654 536 1783 575 colle-

143 605 216 657 gio
247 606 381 646 uellet
410 606 566 646 audire
595 617 770 645 sacrum
802 604 938 656 (quod
967 616 1099 655 saepe
1129 603 1322 654 accidit),
1354 614 1544 654 cumque
1574 602 1661 641 iam
1693 613 1784 641 non

142 673 273 718 esset,
305 671 382 722 qui
413 683 463 710 eo
494 671 540 710 in
570 672 668 711 loco
697 670 974 710 ministraret
1017 669 1252 720 sacerdotj,
1285 669 1578 719 indueretque
1609 666 1703 719 [sic]
1736 669 1785 706 ut

143 736 264 776 fieret
293 748 485 784 sacrum,
517 737 637 787 quod
681 736 816 776 frater
857 734 930 775 cui
952 734 970 760 b
1001 734 1045 774 id
1089 737 1183 774 erat
1225 746 1372 782 curae,
1404 746 1455 773 eo
1484 736 1682 784 tempore
1721 732 1783 772 ihi

143 813 233 840 non
262 804 394 849 esset,
427 801 502 841 ille
531 801 722 853 genibus
751 800 878 841 flexis
907 800 1108 847 accessit,
1141 800 1392 840 submitens
1421 811 1482 846 se,
1506 799 1659 838 eodem
1692 810 1785 837 mu-

142 879 246 906 nere
276 866 456 907 functus
485 869 565 906 651.
599 867 705 907 Eius
751 866 1021 918 pedagogus,
1061 865 1130 905 uir
1173 865 1340 905 nobilis
1383 876 1557 916 genere,
1591 863 1786 903 nobilior

143 932 357 979 moribus,
390 932 502 972 solet
531 932 676 972 dicere
706 931 846 972 multo
876 931 1020 983 magis
1049 943 1096 971 se
1125 931 1393 981 commouerj
1417 942 1517 970 cum
1549 929 1672 970 uidet
1701 929 1786 968 fra-

142 1000 253 1037 trem
282 998 475 1049 aliquem
509 1000 728 1045 nostrum,
761 998 863 1037 licet
892 1009 1069 1048 coqum,
1101 1009 1236 1048 quam
1280 997 1317 1036 si
1362 996 1517 1036 audiat
1555 994 1785 1035 ornatissi-

143 1075 259 1103 mam
289 1066 330 1103 et
360 1063 760 1114 patheticissimam
784 1071 814 1111 0,
848 1065 895 1103 ut
925 1063 987 1102 ita
1016 1062 1177 1109 dicam,
1210 1062 1487 1102 concionem.

224 1130 286 1169 10.
321 1129 566 1180 Episcopus
597 1129 897 1168 mirandensis
928 1131 956 1171 ¹.
988 1128 1065 1180 qui
1098 1128 1189 1179 regi
1220 1130 1286 1168 est
1316 1140 1342 1167 a
1371 1127 1590 1178 consilijS,
1618 1127 1786 1177 episco-

142 1206 314 1246 pusque
343 1194 641 1246 algarbiensis
669 1196 684 1218 ²
715 1206 815 1234 cum
846 1194 1053 1246 pluribus
1083 1194 1187 1244 alijs
1218 1193 1450 1233 nobilibus
1479 1193 1625 1233 solent
1663 1192 1785 1232 adire

142 1261 225 1300 hoc
253 1261 491 1312 collegium
522 1263 565 1300 et
594 1273 919 1312 nonnunquam
952 1260 1012 1299 ibi
1043 1259 1244 1299 confiteri
1265 1259 1298 1299 d.
1332 1258 1523 1309 Quidam
1555 1258 1625 1298 uir
1660 1257 1785 1297 nohi-

142 1325 213 1373 lis,
245 1326 321 1377 qui
352 1329 420 1366 est
450 1328 626 1377 praetor
655 1326 888 1366 cuiusdam
921 1325 1110 1371 insulae,
1135 1325 1205 1365 cui
1231 1337 1392 1364 nomen
1421 1327 1485 1364 est
1517 1324 1667 1363 insula
1689 1335 1786 1374 pro-

142 1391 346 1442 monterij
381 1391 476 1443 [sic]
508 1391 684 1435 uiridis,
717 1403 830 1442 quae
860 1391 1033 1430 adiacet
1063 1403 1085 1430 e
1116 1390 1296 1442 regione
1336 1392 1503 1430 tractus
1533 1387 1783 1441 guinensis‚

141 1459 207 1496 est
238 1456 374 1497 huius
404 1456 578 1508 collegij
614 1457 860 1497 Ρ6111111115ρ
891 1456 1241 1496 addictissimus.
1275 1455 1386 1496 Cum
1417 1454 1667 1507 praeteritis
1697 1454 1786 1493 die-

142 1523 226 1561 hus
256 1522 311 1561 ad
342 1522 517 1562 insulae
547 1522 983 1562 administrationem
1027 1524 1143 1561 esset
1186 1521 1481 1572 profecturus,
1514 1520 1699 1560 accessit
1730 1519 1785 1559 ad

141 1587 395 1639 collegium,
427 1599 617 1639 cumque
649 1588 783 1628 uellet
812 1588 981 1639 alloqui
1028 1589 1239 1627 rectorem
1284 1589 1326 1626 et
1370 1587 1567 1638 reliquos
1610 1587 1783 1632 fratres,

143 1665 245 1704 prae
274 1653 497 1693 desiderio
527 1655 570 1693 et
600 1654 830 1693 lachrimis
860 1654 1035 1693 nullum
1083 1653 1226 1705 potuit
1270 1654 1456 1693 uerbum
1493 1654 1711 1704 proferre;
1744 1653 1786 1690 et

142 1719 202 1758 ita
233 1718 330 1758 sine
362 1719 454 1758 11110
484 1720 497 1744 f
536 1731 740 1759 sermone
775 1719 930 1759 habito
974 1719 1194 1758 discessit.
1229 1719 1354 1758 Alter
1396 1718 1493 1758 eius
1538 1719 1685 1759 trater,
1724 1728 1787 1756 re-

142 1784 260 1824 lictis
289 1784 384 1824 suis
413 1785 615 1831 aedibus,
649 1785 785 1824 huius
815 1785 989 1835 collegij
1029 1784 1222 1824 uiciniae
1260 1783 1596 1835 commigrauit:
1630 1782 1787 1822 incolit

143 1850 273 1889 modo
303 1850 434 1890 aedes
464 1850 628 1897 fratris,
661 1853 701 1890 et
737 1851 1068 1902 quodammodo
1112 1850 1430 1890 haereditatem
1476 1848 1658 1889 uirtutis
1702 1849 1786 1887 fra-

142 1917 267 1955 terno
302 1915 399 1955 iure
430 1916 608 1955 uidetur
638 1916 850 1967 accipere.
886 1916 1154 1967 Frequentat
1198 1918 1340 1955 rector
1382 1915 1519 1955 huius
1562 1913 1736 1965 collegij
1771 1914 1785 1936 3

141 1992 241 2020 011111
272 1980 459 2032 reliquis
490 1981 703 2020 fratribus
734 1981 904 2032 regium
936 1981 1263 2020 xenodochium
1286 1989 1320 2027 g,
1353 1980 1512 2020 sternit
1540 1979 1692 2026 lectos,
1717 1990 1786 2017 so-

142 2046 260 2086 latur
288 2048 494 2097 aegrotos
523 2058 575 2086 eo
604 2049 767 2086 conatu
811 2049 853 2086 61
897 2058 1061 2094 amore,
1096 2049 1144 2086 ut
1177 2046 1368 2097 speciem
1413 2045 1577 2097 angeli,
1610 2044 1786 2096 quoties

141 2110 434 2162 ingrediatur,
466 2110 617 2150 dicant
649 2111 855 2162 praefecti
889 2111 1204 2161 ualetudinarij
1240 2122 1286 2150 se
1315 2109 1571 2150 existimare
1615 2109 1782 2148 uidere.

141 2176 355 2216 Nonnulli
388 2179 643 2216 nostrorum
673 2176 875 2227 exemplo
906 2176 1114 2216 commoti
1154 2176 1411 2216 facultatem
1442 2188 1467 2214 a
1496 2174 1786 2224 confessarijS

141 2241 411 2292 petiuerunt,
435 2244 483 2281 111
513 2242 664 2282 1106161
694 2242 810 2282 idem
843 2242 998 2287 iacere,
1025 2243 1303 2293 postulantes
1326 2244 1371 2282 ut
1393 2241 1616 2293 aperirent
1645 2240 1783 2287 uiam,

141 2319 228 2358 qua
261 2310 441 2358 possent
467 2308 513 2346 in
545 2307 711 2347 uirtute
755 2308 799 2347 id
844 2308 1056 2347 facientes
1100 2308 1327 2359 proficere.
1360 2308 1540 2347 Abeunt
1575 2305 1784 2345 nonnulli

141 2372 274 2412 etiam
304 2374 360 2412 ab
390 2373 474 2413 hoc
503 2373 693 2425 collegio
723 2374 778 2413 ad
808 2386 1025 2413 carcerem
1062 2373 1265 2413 auditum
1310 2372 1631 2415 confessiones,
1670 2371 1786 2410 inui-

141 2449 237 2477 sum
271 2438 437 2478 multos
467 2439 642 2478 nobiles
671 2439 747 2490 qui
779 2440 925 2479 solent
954 2439 1074 2478 domi
1105 2451 1213 2479 suae
1251 2438 1476 2489 confiterJ‘;
1515 2436 1785 2488 respondent

141 2503 195 2542 ad
227 2503 499 2555 interrogata
529 2504 582 2544 de
612 2504 684 2555 ijs,
716 2516 802 2555 que
832 2505 1023 2544 attinent
1053 2505 1108 2544 ad
1139 2504 1481 2544 confessionem.

223 2570 285 2608 11.
319 2568 509 2619 Quidam
533 2570 699 2609 nobilis
720 2570 927 2610 affecerat
948 2570 1114 2610 iniuria
1137 2570 1292 2617 alium,
1315 2569 1448 2609 etiam
1471 2581 1561 2608 non
1583 2567 1785 2607 inferiori

140 2634 424 2681 (·0nditi0ne;
457 2634 533 2686 qui
564 2646 666 2674 cum
696 2637 813 2675 esset
843 2635 995 2675 iussus
1025 2647 1050 2674 a
1080 2635 1274 2687 quodam
1312 2635 1440 2674 Patre
1484 2633 1621 2673 huius
1651 2633 1783 2672 colle-

202 2772 221 2790 a
241 2764 460 2796 scholastici
486 2774 556 2797 ms.
574 2784 614 2786 —
632 2765 649 2791 b
669 2765 729 2797 cui
754 2774 879 2806 snpra
908 2774 1022 2801 vers„
1048 2765 1170 2798 deleto
1194 2765 1272 2806 qui.
1291 2783 1329 2787 —
1347 2773 1361 2791 c
1383 2764 1462 2796 Sic.
1490 2764 1531 2795 in
1557 2773 1640 2795 ms..
1660 2771 1785 2795 emen—

141 2817 280 2849 datum
302 2827 350 2850 ωε
373 2818 659 2859 patetissimam.
685 2837 724 2840 —
748 2818 765 2845 d
787 2818 913 2850 Prius
940 2818 1177 2851 confitentur.
1204 2837 1243 2840 —
1268 2827 1284 2845 e
1306 2818 1443 2850 Praec.
1472 2826 1504 2848 v.
1529 2826 1656 2857 supra
1683 2825 1783 2848 vers.

140 2889 178 2893 —
203 2872 216 2897 f
241 2871 302 2903 ulo
326 2881 397 2904 ms.
423 2890 462 2893 ——
485 2880 505 2905 g
524 2872 793 2904 senadochium
820 2881 889 2904 ms.

204 2986 213 3002 ¹
238 2983 408 3016 Iulianus
431 2984 475 3016 de
499 2984 603 3017 Alva.

203 3040 215 3056 ²
238 3037 397 3070 Ioannes
421 3037 527 3070 Mello
550 3039 587 3070 et
609 3038 755 3070 Castro.

204 3093 216 3109 ³
240 3090 277 3123 P.
303 3090 447 3132 Gaspar
470 3091 637 3124 Alvarez.
663 3091 756 3123 Vide
783 3091 875 3124 Litt.
905 3092 1126 3131 Quadrima„
1152 3091 1212 3126 VI.
1239 3092 1311 3123 798.
