2028 3531
568 270 649 306 549.
677 292 721 296 —
747 270 889 306 EBonA
915 270 962 306 026
990 270 1174 306 Auousrr
1205 270 1290 305 1561
1634 272 1703 307 405

120 389 420 430 confitendum
450 389 659 440 deinceps
689 392 867 440 peccata
895 389 1013 440 apud
1043 391 1221 428 nostros
1250 389 1600 429 adducebantur.
1635 390 1752 430 Haec

120 458 225 496 sunt
254 467 368 507 quae
397 455 517 495 Deus
546 454 752 506 Optimus
782 454 1001 494 Maximus
1031 466 1137 494 suae
1167 454 1401 494 Societatis
1443 466 1576 505 opera
1605 455 1652 494 in
1682 455 1754 494 his

120 521 231 561 locis
259 520 423 566 effecit;
458 520 568 560 faxit
597 520 730 563 idem,
764 523 812 560 ut
855 520 963 559 haec
992 520 1046 559 ad
1078 519 1222 570 ipsius
1250 519 1436 571 gloriam
1468 522 1511 559 et
1541 520 1753 560 honorem

120 586 288 625 maiora
318 585 365 625 in
395 585 491 625 dies
521 585 793 625 incrementa
823 587 1017 625 sumant.

199 651 236 690 7.
269 650 396 700 Quod
425 650 584 690 attinet
604 651 660 690 ad
680 650 827 690 studia
859 650 1123 697 litterarum,
1146 652 1336 700 augetur
1364 650 1510 689 adhuc
1540 662 1753 690 numerus

118 715 503 763 scholasticorum,
535 727 671 766 seque
714 717 968 755 nostrorum
1013 714 1377 754 institutionibus
1407 715 1453 754 in
1489 715 1584 754 dies
1614 715 1755 755 liben-

119 781 209 821 tius
238 780 557 829 assuefaciunt,
580 793 630 820 ac
659 781 859 820 studiose
890 782 1079 820 utuntur
1099 780 1170 831 ijs,
1194 792 1308 830 quae
1338 780 1393 820 ad
1424 780 1622 830 ipsorum
1654 792 1754 831 pro-

120 846 282 886 fectum
312 845 510 886 Societas
534 854 553 872 a
582 846 794 886 adhibere
823 845 950 885 solet.
984 845 1172 885 Plurimi
1203 857 1495 896 sepenumero
1525 845 1581 885 ad
1610 857 1755 885 sacro-

119 913 319 951 sanctam
340 911 546 962 synaxim
569 911 798 951 accedunt.
833 910 921 962 Alij
948 911 1085 950 totius
1109 911 1226 950 uitae
1256 910 1445 951 crimina
1474 911 1756 951 confessione

118 976 298 1023 eluunt;
331 975 407 1027 alij
441 988 619 1028 quoque
653 975 821 1027 optima
860 987 937 1027 spe
975 976 1280 1015 adolescentes
1310 976 1356 1015 in
1387 975 1651 1016 Societatem
1681 976 1756 1016 ad-

119 1042 235 1081 mitti
266 1053 533 1092 magnopere
561 1043 796 1092 exoptant;
828 1053 881 1081 ex
911 1041 1077 1092 quibus
1106 1053 1225 1081 unus
1256 1041 1466 1081 mediocri
1496 1043 1653 1090 aetate,
1689 1053 1756 1093 pe-

119 1107 233 1147 ritus
252 1107 434 1158 linguae
454 1107 634 1156 latinae,
659 1107 704 1146 id
724 1107 812 1146 iam
834 1107 912 1147 diu
934 1118 1201 1158 magnopere
1221 1107 1509 1154 contendens,
1528 1106 1717 1147 idoneus
1738 1106 1757 1133 b

119 1172 174 1212 ad
204 1172 462 1212 institutum
491 1171 741 1220 Societatis,
764 1172 837 1211 his
858 1171 1073 1223 proximis
1093 1172 1252 1212 diebus
1274 1172 1358 1212 fuit
1379 1172 1619 1213 admissus.
1652 1173 1756 1213 Ver-

118 1239 244 1277 satus
271 1239 338 1277 est
367 1237 443 1276 ille
472 1237 655 1277 biennio
685 1237 733 1276 in
763 1237 905 1288 primo
941 1237 1176 1288 gymnasio
1205 1249 1257 1277 ea
1289 1237 1407 1277 uitae
1436 1237 1754 1287 moderatione,

118 1304 161 1342 et
189 1314 363 1342 morum
393 1302 628 1353 probitate,
660 1305 710 1342 ut
738 1302 925 1342 caeteris
963 1302 1286 1353 condiscipulis
1327 1303 1578 1353 exemplum
1618 1303 1758 1354 quod-

119 1368 221 1408 dam
249 1370 380 1412 esset,
412 1370 454 1408 et
483 1368 822 1408 incitamentum
853 1368 907 1407 ad
938 1367 1148 1408 uirtutem
1182 1370 1210 1409 1.
1241 1368 1330 1419 Alij
1363 1380 1541 1420 quoque
1571 1368 1676 1415 cito,
1709 1371 1758 1409 ut

119 1433 325 1481 arbitror,
358 1433 598 1485 recipiendi
629 1435 748 1474 sunt.
784 1433 878 1473 Hoc
907 1445 1027 1473 anno
1057 1433 1103 1473 in
1133 1434 1297 1486 studijs
1326 1433 1574 1474 litterarum
1606 1435 1757 1486 magni

119 1510 382 1550 progressus
411 1499 515 1539 facti
545 1501 666 1545 sunt,
704 1499 823 1550 quod
853 1501 896 1539 et
923 1511 977 1539 ex
1015 1498 1127 1550 ipsis
1167 1499 1528 1551 praeceptoribus
1565 1502 1754 1548 constat,

119 1566 162 1604 et
190 1564 446 1604 scholastici
476 1564 524 1604 in
553 1564 783 1617 litterarijS
825 1564 1238 1612 exercitationibus,
1284 1564 1474 1605 maxime
1514 1564 1561 1604 in
1594 1565 1759 1605 exami-

119 1629 255 1670 nibus
296 1632 339 1670 et
380 1629 677 1677 orationibus,
723 1642 837 1682 quas
880 1629 1178 1681 praemiorum
1223 1641 1358 1670 causa
1396 1632 1755 1682 composuerant,

119 1696 230 1735 satis
258 1695 564 1736 ostenderunt.
595 1695 679 1746 Qui
710 1695 968 1735 dialecticae
997 1708 1176 1747 operam
1207 1696 1329 1742 dant,
1353 1696 1611 1747 praesertim
1643 1697 1760 1747 tyro-

119 1772 214 1809 nes,
260 1761 450 1801 multum
494 1760 627 1801 etiam
671 1761 910 1812 profecisse
954 1761 1178 1809 uidentur,
1220 1763 1262 1801 et
1306 1761 1505 1813 plerique
1550 1774 1758 1813 magnam

120 1826 191 1867 sui
222 1827 433 1878 praebent
461 1826 814 1878 expectationem
844 1827 1002 1867 fratres
1035 1827 1112 1879 qui
1143 1827 1190 1866 in
1220 1827 1373 1867 eadem
1413 1826 1623 1867 facultate
1664 1840 1759 1868 uer-

119 1893 298 1940 santur;
344 1891 519 1931 etiamsi
563 1891 635 1931 his
678 1891 801 1943 ferijs
843 1891 1074 1944 litterarijs
1116 1904 1163 1932 se
1206 1903 1384 1943 quoque
1432 1891 1479 1931 in
1511 1892 1759 1933 humilibus

120 1956 383 2008 ministeriJ‘s
412 1959 658 2005 exerceant,
695 1959 843 1997 tamen
882 1957 1076 2009 singulis
1119 1957 1278 1997 diebus
1316 1959 1483 1997 statuto
1513 1964 1528 1983 ⁰
1562 1959 1758 2009 tempore

119 2022 353 2062 conferunt
374 2022 498 2062 <inter
526 2034 573 2061 se
602 2034 717 2074 quae
737 2022 991 2072 audierunt,
1015 2023 1250 2062 accedente
1271 2022 1405 2062 etiam
1427 2022 1755 2073 disputatione,

120 2087 237 2139 quod
286 2087 418 2127 etiam
462 2087 633 2127 externi
676 2089 856 2139 tyrones
899 2099 1047 2127 coram
1091 2088 1306 2140 magistro
1348 2100 1431 2128 suo
1474 2088 1522 2127 in
1564 2089 1758 2139 quodam

121 2152 355 2204 gymnasio
385 2152 555 2192 faciunt
575 2152 608 2193 d.
642 2153 834 2193 Habitae
863 2153 1044 2193 fuerunt
1074 2153 1280 2205 publicae
1304 2154 1389 2193 hoc
1418 2165 1538 2193 anno
1567 2154 1624 2193 ab
1653 2155 1758 2194 ado—

120 2218 406 2267 lescentibus,
438 2218 515 2270 qui
559 2218 750 2258 maiores
793 2219 840 2258 in
870 2218 1025 2271 lingua
1069 2219 1210 2259 latina
1254 2231 1518 2270 progressus
1548 2219 1756 2264 fecerant,

121 2285 303 2323 ornatae
332 2286 374 2324 et
403 2284 629 2335 elegantes
657 2284 897 2332 orationes,
928 2286 1024 2324 tum
1055 2297 1201 2336 prosa,
1224 2286 1320 2325 tum
1349 2284 1559 2324 carmine.
1594 2284 1631 2324 A
1665 2296 1759 2324 cae-

121 2348 229 2388 teris
259 2351 407 2389 autem
437 2349 700 2389 inferiorum
730 2349 943 2390 classium
966 2352 1053 2390 tres
1082 2350 1266 2402 dialogi,
1289 2362 1403 2402 quos
1432 2350 1515 2390 etsi
1547 2349 1758 2401 priuatim

121 2413 169 2453 in
198 2414 294 2454 suis
323 2414 489 2466 quique
518 2415 768 2467 gymnasijs
797 2415 1113 2465 exhibuerunt,
1148 2417 1196 2456 ut
1234 2416 1484 2456 litterarum
1514 2427 1663 2455 amore
1694 2416 1760 2455 in-

120 2480 427 2529 cenderentur,
458 2481 584 2519 tanta
627 2480 878 2529 hominum,
910 2483 1043 2532 atque
1085 2481 1219 2521 etiam
1250 2481 1474 2521 nobilium
1518 2481 1758 2521 multitudo

121 2558 175 2586 ex
204 2546 312 2586 urbe
355 2545 514 2595 adfuit,
547 2547 597 2585 ut
625 2545 856 2597 publicum
885 2547 1110 2598 quoddam
1151 2547 1454 2598 spectaculum
1488 2546 1629 2586 uideri
1660 2557 1760 2597 pos-

122 2613 216 2659 set;
249 2623 458 2663 magnam
495 2612 611 2651 certe
640 2623 691 2651 ea
720 2623 773 2651 ex
803 2623 849 2651 re
877 2623 1033 2652 omnes
1063 2614 1333 2664 spectatores
1362 2614 1573 2663 ceperunt
1602 2611 1760 2662 uolup-

185 2780 204 2798 a
226 2771 388 2804 Emend.
412 2780 460 2804 εκ
483 2770 695 2804 Societatis.
724 2790 763 2794 —
787 2771 806 2798 b
826 2771 984 2804 idoneus
1017 2781 1146 2814 supra
1180 2781 1283 2805 vers.
1314 2791 1354 2795 --
1380 2780 1393 2799 c
1414 2771 1540 2803 Prius
1574 2771 1684 2803 stato.
1719 2789 1761 2793 —

123 2825 143 2852 d
163 2824 290 2857 Prius
312 2824 464 2857 fuerint.

185 2968 196 2986 ²
218 2966 261 2999 In
284 2967 446 3009 quodam
469 2967 638 3008 catalogo
655 2976 785 3000 eorum
808 2968 874 3009 qui
898 2968 1060 3010 ingressi
1085 2969 1175 3001 sunt
1199 2968 1422 3001 Societatem
1441 2968 1480 2999 in
1505 2966 1661 3008 collegio
1678 2965 1761 2998 ebo-

124 3020 225 3053 rensi
247 3020 342 3062 (cod.
366 3020 464 3054 Lus.
488 3019 549 3057 43,
574 3020 598 3053 f.
622 3020 699 3060 332)
737 3021 877 3053 dicitur
899 3022 969 3054 sub
993 3031 1094 3055 num.
1120 3022 1182 3054 47:
1211 3035 1226 3051 «
1249 3021 1414 3054 Antonio
1438 3020 1587 3053 Mendez
1610 3018 1670 3052 fue
1694 3019 1761 3051 ad-

124 3074 256 3107 mitido
279 3083 301 3106 a.
323 3074 359 3106 la
381 3083 455 3116 pr.a
477 3073 679 3116 probacic'm
702 3083 723 3106 a
746 3074 801 3107 los
823 3075 861 3107 21
886 3075 931 3108 de
953 3075 1094 3117 Agosto
1117 3076 1161 3108 de
1186 3076 1264 3108 1561
1289 3088 1319 3109 ».
