2028 3531
340 281 410 317 520
810 282 1014 319 erTERAE
1054 283 1397 327 anmmmsmms

295 399 522 450 quidpiam
567 402 718 439 contra
749 413 829 440 nos
872 401 1213 451 suspicabantur
1244 398 1350 449 sore)
1381 410 1405 437 a
1435 398 1601 448 coeptis
1635 398 1749 437 nihil
1777 398 1913 438 desis-

294 466 408 511 tunt,
440 465 548 515 quin
574 465 705 504 etiam
740 468 923 516 pergunt
957 464 1272 504 vehementius.
1300 463 1456 503 Statim
1479 474 1580 502 vero
1610 464 1742 513 atque
1773 462 1914 514 patuit

295 529 544 580 prodiitque
575 531 618 569 in
651 531 807 573 lucem,
836 531 919 569 iam
956 530 1158 569 reinisius
1187 540 1330 579 agere,
1353 539 1618 579 operamque
1647 530 1779 578 atque
1808 539 1914 567 suas

294 606 340 633 se
369 602 386 620 ἃ
410 595 639 634 facultates
660 596 878 635 inutiliter
902 596 1022 635 abuti
1046 606 1192 633 secum
1214 593 1423 644 cogitant,
1447 592 1621 643 sibique
1642 593 1732 632 tore
1759 594 1915 643 putant

293 659 541 699 consultius
588 660 641 707 si,
693 672 735 699 re
790 661 970 700 minime
1021 661 1221 710 perfecta,
1276 658 1481 697 cederent
1536 657 1679 697 nobis.
1727 656 1913 706 Quando

294 724 441 775 itaque
481 724 498 749 ¹>
529 725 676 764 rident
720 738 800 764 nos
843 725 963 764 omni
994 737 1045 763 ex
1092 723 1286 774 partein
1331 723 1401 762 ius
1439 722 1577 762 asseri
1625 722 1911 773 pecuniarum

293 789 526 828 sententiis
569 792 764 833 senatus,
811 790 923 829 alias
969 789 1279 828 machinantur
1322 787 1510 826 insidias
1553 787 1697 834 nobis,
1729 798 1913 838 eamque

294 854 382 892 fere
424 855 751 893 controuersiae
794 855 1026 894 formulam
1072 854 1358 904 componunt,
1390 864 1436 892 se
1487 851 1695 902 pecunias
1734 851 1913 902 quidem

294 918 412 957 nolle
442 919 538 969 (nec
570 931 669 958 vero
712 931 786 958 eas
830 920 874 958 in
919 919 1082 958 iudicio
1129 919 1328 968 poterant
1369 916 1614 967 consequi),
1646 917 1721 956 sed
1760 928 1911 956 earum

294 982 586 1033 principatum
632 986 762 1035 atque
792 984 1067 1023 dominatum
1100 983 1152 1022 ad
1184 994 1229 1021 se
1268 984 1480 1032 spectare,
1512 993 1611 1021 cum
1642 982 1914 1021 affirmarent

293 1058 382 1086 non
413 1047 553 1096 nobis,
586 1048 661 1087 sed
693 1049 785 1087 vrbi
818 1049 873 1087 ab
903 1048 1109 1098 episcopo
1139 1059 1234 1086 esse
1265 1046 1467 1093 relictas3
1507 1057 1658 1097 quare,
1690 1046 1727 1085 si
1758 1046 1913 1085 admit-

292 1113 483 1151 teremur
511 1112 689 1162 quidem
721 1113 765 1151 in
797 1113 956 1161 Gallia,
990 1113 1080 1151 fore
1110 1124 1192 1151 nos
1232 1112 1485 1151 scholarum
1522 1111 1833 1159 moderatores,
1864 1123 1914 1151 ac

293 1176 422 1215 nobis
444 1177 564 1227 (dum
597 1178 806 1228 pecunias
837 1180 1031 1216 tenerent
1054 1177 1171 1228 apud
1202 1177 1264 1227 se)
1295 1176 1506 1227 quicquid
1528 1177 1643 1215 esset
1672 1176 1727 1215 ad
1748 1175 1912 1215 victum

292 1241 550 1291 cultumque
592 1243 789 1292 corporis
819 1254 931 1293 opus
960 1250 974 1267 ⁰
1012 1242 1351 1292 dispertituros:
1398 1241 1468 1280 sin
1499 1241 1629 1280 nobis
1672 1241 1742 1280 ius
1772 1240 1914 1281 Socie—

291 1306 395 1345 tatis
425 1306 471 1345 in
501 1306 645 1346 Gallia
690 1309 937 1355 neg-aretur,
970 1307 1072 1346 illas
1116 1318 1192 1356 pro
1223 1306 1361 1345 animi
1405 1306 1624 1345 sententia
1663 1308 1912 1357 praecepto-

292 1369 416 1409 ribus
459 1370 561 1410 aliis
591 1371 635 1410 in
667 1372 854 1422 gratiam
894 1371 1146 1410 scholarum
1176 1371 1432 1410 collaturos.
1480 1370 1571 1410 Has
1600 1372 1747 1410 autem
1778 1370 1914 1410 addu-

292 1435 449 1474 cebant
478 1435 525 1474 in
556 1436 749 1475 medium
778 1436 999 1475 rationes:
1032 1436 1136 1486 quia
1167 1436 1258 1474 illis
1287 1435 1410 1475 abuti
1441 1437 1482 1474 et
1512 1435 1779 1486 profundere
1800 1435 1914 1475 vide·

291 1511 438 1538 remur
481 1511 624 1550 posse,
659 1501 911 1550 posthabita
958 1500 1151 1539 muneris
1187 1500 1325 1539 nostri
1357 1499 1542 1539 ratione.
1587 1499 1738 1539 Nihilo
1766 1501 1914 1539 tamen

292 1564 433 1615 magis
475 1576 607 1615 quarn
637 1567 765 1604 antea
809 1565 1058 1615 proficiunt,
1090 1566 1166 1604 sed
1198 1565 1324 1604 factis
1353 1564 1607 1615 sumptibus
1644 1564 1818 1615 magnis
1847 1564 1912 1604 in-

292 1640 483 1675 cassum,
516 1629 666 1680 aliqua
709 1641 760 1669 ex
804 1631 927 1680 parte
957 1642 1083 1669 suam
1114 1632 1361 1681 agnoscunt
1407 1630 1611 1680 culpam;
1657 1632 1788 1681 atque
1826 1642 1914 1681 quo

293 1694 525 1734 honestius
554 1706 599 1734 se
645 1697 882 1746 purgarent
924 1696 1041 1745 apud
1072 1707 1168 1743 nos,
1199 1695 1409 1746 omnique
1446 1695 1683 1734 liberarent
1717 1695 1914 1737 inuidiae

291 1759 544 1810 suspicione
573 1762 613 1799 et
643 1760 748 1807 odii,
782 1772 862 1799 nos
891 1760 1165 1800 conueniunt
1193 1760 1245 1799 de
1276 1772 1320 1799 re
1350 1760 1463 1800 leuis
1502 1760 1712 1799 momenti
1742 1760 1910 1808 aeturig

291 1836 477 1874 quorum
511 1824 711 1874 petitioni
736 1825 861 1864 facile
891 1825 1259 1875 acquiescendum
1283 1826 1434 1864 Patres
1464 1825 1603 1864 nostri
1627 1826 1912 1875 putauerunt,

293 1889 422 1928 modo
464 1889 578 1928 nihil
608 1889 801 1940 episcopi
846 1890 1067 1935 voluntas,
1100 1902 1188 1940 quo
1233 1890 1381 1930 minus
1425 1890 1695 1940 impleretur,
1732 1889 1914 1941 impedi-

292 1955 422 2003 retur,
446 1966 525 1993 nec
554 1954 791 2004 quicquam
823 1954 999 2005 collegii
1026 1955 1164 1994 nostri
1195 1955 1501 1995 commoditati
1528 1955 1787 1994 officeretur.
1813 1954 1914 1994 Fac-

291 2020 384 2057 tum
414 2018 563 2069 itaque
594 2018 786 2067 tandem,
819 2019 997 2057 Domini
1031 2019 1204 2067 virtute,
1240 2021 1283 2058 vt
1311 2019 1525 2070 (minante
1553 2019 1803 2059 extitissent
1831 2019 1914 2059 ini-

292 2082 539 2129 micissimi,
571 2083 661 2122 sint
691 2095 808 2122 nunc
839 2084 969 2122 nobis
1011 2084 1381 2132 coniunctissimi,
1415 2086 1701 2134 nostramque
1733 2095 1910 2124 causam

291 2149 512 2187 tueantur.
546 2148 593 2187 Id
626 2149 814 2187 maxime
844 2148 1003 2187 mirum
1033 2149 1252 2199 plerisque
1282 2149 1380 2197 fuit,
1403 2162 1537 2200 quam
1567 2150 1743 2200 repente
1773 2149 1913 2189 nostri

290 2212 411 2252 ciues
440 2213 705 2252 sententiam
736 2213 963 2259 mutarint,
987 2225 1118 2263 quam
1150 2214 1236 2252 cito
1267 2214 1537 2253 reconciliati
1569 2213 1698 2253 nobis
1732 2214 1910 2261 fuerint,

290 2288 378 2327 qua
421 2279 572 2327 postea
615 2277 926 2316 beneuolentia
960 2279 1002 2316 et
1030 2278 1178 2316 studio
1221 2278 1408 2328 polliciti
1439 2278 1529 2318 sint
1571 2290 1746 2318 omnem
1786 2290 1911 2318 suam

289 2353 467 2392 operam
496 2343 539 2380 et
568 2341 862 2387 industrian1;
895 2342 971 2393 qui
1002 2354 1101 2381 cum
1127 2345 1228 2381 ante
1259 2345 1460 2382 nostrum
1490 2355 1512 2382 e
1548 2342 1692 2383 Gallia
1736 2345 1913 2393 exopta-

290 2408 387 2445 rent
416 2418 653 2453 recessum,
687 2407 799 2445 nihil
832 2418 948 2446 nunc
978 2408 1169 2446 habeant
1201 2408 1245 2446 in
1277 2409 1382 2447 vrbe
1411 2420 1492 2448 sua
1527 2408 1656 2447 nobis
1685 2408 1909 2459 optatius;

292 2471 425 2521 idque
456 2483 591 2510 vnum
622 2471 811 2509 maxime
844 2473 1045 2510 metuunt
1065 2483 1119 2510 ne
1140 2471 1185 2510 in
1215 2472 1404 2511 concilio
1434 2473 1703 2523 approbetur
1732 2472 1913 2523 recipia-

291 2537 450 2586 turque
479 2535 689 2575 Societas.
722 2535 865 2584 Quare
898 2536 1017 2574 vrbis
1047 2536 1252 2575 consules
1281 2549 1455 2576 omnem
1486 2537 1700 2576 adhibent
1728 2537 1913 2587 diligen-

290 2599 413 2646 tiam,
445 2601 622 2650 totaque
663 2599 823 2639 ciuitas
855 2599 899 2638 in
944 2601 1221 2650 procurando
1251 2601 1388 2640 totius
1428 2601 1672 2640 Aruerniae
1701 2601 1754 2640 de
1783 2601 1913 2640 nobis

291 2664 561 2703 testimonio.
595 2664 713 2703 Haec
743 2676 849 2703 sane
880 2676 960 2703 nos
990 2677 1076 2703 vna
1109 2676 1175 2703 res
1208 2666 1485 2705 vehementer
1519 2666 1702 2713 solatur,
1736 2666 1781 2706 P.
1801 2664 1910 2713 Rfle,

290 2729 408 2780 quod
439 2740 589 2768 eorum
621 2740 753 2779 opera
786 2729 1023 2779 perfectum
1053 2729 1124 2775 sit,
1161 2731 1205 2769 vt
1234 2732 1322 2769 tres
1351 2731 1529 2770 ordines
1557 2730 1827 2781 pontificius,
1854 2729 1913 2769 ci—

290 2793 396 2832 uilis
425 2795 557 2843 atque
588 2793 822 2838 nobilium,
847 2805 897 2832 ac
917 2793 1122 2832 tredecim
1154 2795 1388 2845 praecipue
1418 2795 1662 2834 Aruerniae
1691 2794 1909 2841 ciuitates,

291 2870 376 2897 vno
420 2858 733 2908 communique
776 2869 1011 2903 consensu,
1044 2858 1153 2897 satis
1185 2859 1414 2909 magnifice
1452 2859 1627 2898 collatis
1660 2859 1803 2910 signis
1835 2871 1911 2909 pro

290 2923 420 2962 nobis
456 2924 783 2970 attestarentur,
816 2922 1080 2973 tabellisque
1109 2924 1420 2963 confirmarent
1440 2924 1548 2974 quid
1570 2924 1615 2963 in
1646 2923 1912 2965 Aruerm'am

353 3066 370 3084 a
391 3066 430 3089 se
453 3066 579 3098 supra
601 3066 703 3089 vers.
728 3075 767 3078 —
799 3057 817 3083 b
847 3056 974 3098 itaque
997 3066 1120 3097 supra
1146 3066 1247 3089 vers.
1273 3076 1311 3080 —
1335 3066 1350 3085 c
1370 3067 1463 3099 opus
1493 3067 1620 3100 supra
1642 3067 1744 3091 vers.
