2028 3531
544 276 624 311 499.
651 297 696 326 ÷
722 275 935 312 Tunnissus
964 276 1007 311 15
1033 275 1203 311 Aramis
1236 276 1321 312 1561
1638 279 1703 314 195

119 395 332 442 attulerit,
378 406 507 434 nemo
551 406 641 434 non
676 394 810 434 videt.
844 395 1031 445 Yigebat
1062 396 1103 433 et
1133 394 1221 433 alia
1252 394 1298 433 in
1330 395 1412 434 1136
1442 395 1622 435 ciuitate
1655 408 1751 446 pes-

119 460 252 500 tilens
272 462 315 499 et
333 459 463 511 quasi
486 460 749 499 incurabilis
770 460 901 511 plaga
933 461 1080 510 (prout
1110 460 1223 499 alias
1253 459 1300 500 Τ.
1334 460 1384 500 R.
1418 460 1464 500 P.
1496 462 1561 499 est.
1591 461 1752 501 litteris

118 524 384 576 expositum)
430 527 439 548 ¹
488 524 858 572 incantationum,
895 524 1243 572 diuinationum,
1284 524 1563 576 aliarumque
1601 537 1749 576 super-

118 589 352 629 stitionum
383 589 492 640 varij
527 589 702 640 generis
732 589 953 629 diabolica
984 589 1245 629 inuentionc
1266 589 1613 639 exquisitarum;
1638 603 1753 642 quae

117 655 297 706 quidem
330 655 461 706 plaga
491 655 601 694 adeo
631 666 785 694 omnes
816 655 1042 702 infecerat,
1074 656 1165 694 tam
1196 655 1420 705 vulgares
1457 667 1589 706 quam
1627 656 1753 695 nobi-

117 720 196 768 les,
228 722 315 759 tam
348 720 516 763 doctos,
549 732 684 770 quam
727 719 1001 771 ignorantes,
1035 722 1080 759 vt
1111 720 1185 759 vix
1228 720 1480 759 crederetur
1523 732 1619 760 esse
1654 733 1752 771 pec-

115 787 277 826 catum.
309 785 509 836 Denique
548 797 647 825 cum
691 785 951 825 huiusmodi
998 785 1255 836 pestiferum
1300 785 1424 825 virus
1468 785 1515 824 in
1560 787 1753 836 publicis

115 851 407 890 concionibus
437 851 579 890 nostri
609 862 740 901 saepe
769 851 950 901 saepius
970 850 1373 890 abhominarentur
1409 851 1520 903 [sic],
1545 864 1753 903 arguere-

117 918 275 968 turque
296 916 593 967 praelatorum
617 916 790 957 incuria
812 917 859 956 in
879 929 930 956 eo
960 917 1239 967 corrigendo,
1272 917 1416 956 effecit
1446 917 1525 957 Dei
1559 918 1750 967 bonitas,

117 983 162 1020 vt
191 981 412 1032 generalis
442 981 637 1021 vicarius
667 982 881 1032 populum
913 981 1091 1032 publice
1123 984 1187 1027 (ut
1218 982 1355 1021 moris
1395 984 1478 1031 est)
1518 982 1649 1022 trinis
1690 983 1753 1022 vi-

115 1047 243 1087 cibus
271 1054 289 1073 a
316 1047 647 1087 admonendum
676 1049 864 1095 curaret,
897 1047 1165 1087 sententiam
1194 1048 1625 1088 excomunicationis
1651 1061 1753 1088 mox

116 1113 341 1152 ferendam
371 1112 417 1152 in
447 1125 523 1152 eos
552 1113 629 1164 qui
673 1113 840 1153 similia
883 1115 1149 1161 exercerent,
1197 1114 1265 1153 vel
1309 1114 1501 1153 exerceri
1546 1126 1752 1165 procura-

115 1180 234 1227 rent;
267 1190 355 1229 qua
384 1179 666 1218 solummodo
696 1179 942 1218 monitione
978 1179 1254 1229 praehabita,
1297 1181 1537 1230 antequam
1568 1180 1623 1219 ad
1654 1192 1753 1220 cen-

114 1255 244 1283 surae
286 1244 691 1294 promulgationem
734 1244 1020 1284 deueniretur
1064 1244 1312 1296 (nunquam
1344 1245 1462 1284 enim
1494 1247 1561 1284 est
1590 1245 1753 1285 deuen-

114 1309 241 1360 tum),
273 1321 324 1349 eo
364 1309 545 1349 fuerunt
587 1321 742 1349 omnes
785 1310 943 1349 timore
987 1310 1195 1360 perculsi,
1241 1312 1283 1349 et
1326 1310 1519 1361 quadam
1563 1311 1752 1351 honesta

114 1374 380 1414 verecundia
409 1375 615 1426 correpti,
647 1378 694 1414 vt
717 1375 812 1426 jam
844 1387 963 1415 nunc
1006 1376 1168 1415 nedum
1216 1376 1324 1415 talia
1367 1387 1458 1415 non
1502 1379 1748 1425 exerceant,

113 1439 191 1479 sed
229 1451 359 1491 aegre
401 1440 545 1480 ferant
587 1440 768 1480 illarum
813 1441 1059 1480 vanitatum
1106 1440 1193 1480 sibi
1237 1441 1433 1492 amplius
1479 1441 1751 1481 mentionem

113 1504 222 1544 fieri.
256 1505 383 1545 Faxit
412 1505 632 1546 Dominus
676 1506 816 1553 lesus,
848 1508 894 1545 vt
923 1518 1038 1557 quae
1083 1508 1253 1545 restant
1295 1506 1442 1546 adhuc
1486 1507 1667 1557 publica
1711 1509 1753 1546 et.

112 1570 310 1610 enormia
341 1573 534 1622 peccata,
567 1571 772 1611 funditus
802 1571 1077 1611 auferantur.

191 1636 229 1675 3.
263 1635 346 1686 Qui
378 1637 462 1676 hoc
491 1637 870 1688 quadragesimali
892 1639 1088 1688 tempore
1109 1638 1228 1688 apud
1250 1640 1427 1677 nostros
1456 1650 1562 1678 suas
1593 1650 1751 1678 exone-

112 1704 267 1743 rarunt
296 1702 609 1749 conscientias,
654 1704 718 1742 tot
752 1714 802 1742 ac
831 1703 944 1742 tanti
989 1704 1183 1751 fuerunt,
1232 1705 1276 1742 vt
1318 1703 1575 1754 perdifficile
1619 1704 1750 1744 fuerit

111 1778 347 1807 numerum
390 1768 612 1819 colligere,
659 1770 787 1819 provt
817 1780 870 1808 ex
909 1768 1108 1819 proxime
1152 1769 1304 1808 missis
1347 1769 1751 1820 quadrimestrihus

112 1833 273 1883 poterit
301 1833 587 1884 deprehendi.
622 1834 738 1873 Illud
771 1836 917 1873 tamen
948 1846 1068 1873 nunc
1106 1834 1283 1877 addam,
1324 1837 1505 1874 auctum
1547 1835 1750 1875 videlicet

110 1909 206 1938 esse
237 1899 457 1938 nobilium
487 1911 538 1939 ac
568 1899 808 1950 primatum
844 1911 1079 1939 numerum
1109 1900 1166 1939 ad
1196 1912 1278 1939 nos
1316 1900 1637 1940 confluentium
1670 1913 1748 1952 pro

111 1963 401 2003 sacramentis
430 1964 745 2015 suscipiendis,
779 1964 887 2004 adeo
908 1966 953 2004 vt
980 1965 1062 2004 hac
1092 1965 1187 2004 vice
1219 1965 1291 2005 vix
1323 1977 1438 2005 vnus
1469 1966 1746 2008 remanserit.

110 2028 187 2079 qui
218 2029 383 2068 nostris
413 2041 504 2069 non
538 2030 596 2069 sit
638 2030 894 2078 confessus;
941 2032 1122 2070 auctum
1166 2043 1344 2082 quoque
1387 2043 1622 2070 numerum
1667 2031 1749 2071 fre-

109 2094 421 2144 quentantium
452 2098 752 2143 sacramenta,
795 2098 974 2136 auctum
1014 2096 1207 2148 denique
1245 2109 1395 2137 eorum
1429 2097 1630 2137 omnium
1662 2098 1749 2148 spi-

110 2159 314 2200 ritualem
346 2160 605 2211 profectum.
639 2161 692 2201 Et
723 2164 767 2201 vt
798 2162 1112 2213 particularius
1134 2163 1306 2214 aliquid
1333 2163 1519 2202 referam
1552 2163 1749 2213 (omissis

110 2224 264 2264 multis
286 2226 575 2276 pecuniarum
597 2227 973 2274 restitutionibus,
1007 2228 1250 2279 multisque
1279 2228 1639 2268 confessionibus
1670 2228 1747 2268 diu

109 2290 304 2338 omissis,
336 2303 456 2331 nunc
488 2304 589 2331 vero
619 2292 780 2344 factis).
812 2293 958 2332 extitit
987 2293 1203 2344 quaedam
1250 2293 1490 2345 conjugata
1536 2294 1745 2341 foemina,

109 2368 222 2406 quae
251 2368 329 2407 per
360 2357 407 2395 17
437 2369 581 2397 annos
611 2357 658 2397 in
698 2358 876 2408 publico
920 2359 1222 2398 concubinatu
1265 2371 1365 2398 cum
1409 2359 1602 2411 quodam
1646 2359 1748 2398 reli-

108 2421 249 2472 31050,
308 2425 512 2473 separata
559 2425 706 2463 tamen
764 2424 1056 2472 habitatione,
1114 2427 1500 2475 perseuerauerat;
1548 2425 1747 2475 adeoque

108 2486 331 2537 lapideum
381 2500 457 2527 cor
507 2489 716 2536 babebat,
773 2492 815 2529 et
867 2490 914 2528 in
962 2493 1141 2541 peccato
1185 2491 1477 2536 obstinatum,
1526 2493 1571 2530 vt
1617 2491 1747 2541 plane

108 2551 345 2592 affirmaret
375 2553 652 2604 impossibile
691 2555 777 2594 sibi
809 2555 865 2594 ab
894 2567 946 2595 eo
976 2555 1217 2604 discedere,
1264 2568 1368 2607 prae
1413 2556 1550 2595 nimio
1595 2568 1747 2595 amore

108 2629 196 2668 quo
226 2619 447 2659 amasium
476 2631 608 2659 suum
647 2621 1013 2671 prosequebatur.
1039 2621 1213 2661 Placuit
1234 2623 1381 2661 tamen
1411 2622 1451 2661 ei
1481 2621 1557 2672 qui
1587 2623 1748 2672 potens

105 2684 172 2722 est
200 2683 254 2722 de
283 2684 510 2735 lapidibus
540 2685 756 2725 suscitare
787 2686 904 2725 filios
934 2686 1142 2726 Abrahae
1172 2688 1202 2735 ²,
1235 2687 1443 2738 spiritum
1482 2687 1624 2726 eidem
1656 2686 1748 2726 foe-

169 2863 187 2882 a
204 2855 316 2887 trinis
339 2855 486 2888 vicibus
509 2865 636 2897 supra
660 2866 761 2889 vers.
789 2858 924 2890 “adem
950 2868 1086 2891 mann.

170 3024 180 3041 ¹
203 3022 296 3055 Vide
318 3023 414 3055 Lite.
445 3023 652 3063 Quadrim.
678 3025 737 3059 Vl.
764 3026 815 3057 74.

169 3078 181 3095 2
204 3076 255 3110 Cf.
280 3076 424 3110 ΜΑΤΤΗ.
450 3077 512 3117 III,
537 3079 569 3111 9.
