2028 3531
324 274 394 309 404
810 273 1014 309 errmam:
1039 273 1384 318 Qqummusrnsss

281 391 352 442 ijs,
384 392 459 442 qui
491 392 536 431 in
566 392 781 441 custodijs
826 391 1030 441 publicis,
1074 394 1116 430 et
1146 392 1191 430 in
1237 390 1564 430 ualetudinario
1611 392 1738 437 sunt,
1779 390 1897 441 quod

280 456 412 496 etiam
445 458 509 504 (ut
537 457 649 496 alias
680 456 891 506 scriptum
922 457 1003 506 est)
1036 457 1204 507 reliquo
1234 456 1341 494 anni
1373 458 1566 506 tempore
1587 455 1744 495 diebus
1774 455 1899 494 feria-

281 533 378 560 rum
410 521 501 560 fieri
532 522 656 561 solet.
683 520 806 559 Domi
840 520 968 559 binae
988 521 1180 571 singulis
1196 520 1353 559 diebus
1378 520 1526 567 horae,
1549 520 1685 559 altera
1707 521 1899 569 tempore

282 586 515 634 matutino,
547 587 683 625 altera
717 597 817 624 vero
847 585 1165 635 pomeridiano,
1211 585 1264 623 ad
1312 584 1567 624 caelestium
1613 596 1756 623 rerum
1800 595 1900 622 con-

282 651 610 700 templationem
641 650 897 701 designatae
926 652 1044 689 sunt.
1076 650 1147 689 Sic
1176 661 1329 689 omnes
1357 649 1492 697 domi,
1523 651 1565 688 et
1594 649 1715 695 foris,
1748 648 1793 687 in
1815 648 1901 699 pijs

282 727 332 755 ac
361 715 570 764 religioso
599 714 778 753 homine
798 713 946 764 dignis
975 714 1226 754 actionibus
1255 715 1358 753 sunt
1379 713 1656 753 continenter
1683 712 1898 763 occupati.

335 781 372 819 5.
407 778 785 828 Quemadmodum
824 779 962 818 animi
993 779 1248 829 perfectioni
1288 790 1442 817 omnes
1479 778 1673 824 student,
1713 777 1777 817 sic
1807 788 1903 827 pro-

283 845 503 884 ximorum
533 843 791 891 commodis,
823 846 864 883 et
893 844 1142 883 animorum
1174 843 1387 894 profectui
1423 850 1455 883 a.
1489 842 1575 882 Nec
1604 843 1722 882 enim
1757 841 1901 881 solum

284 909 447 949 uinctis
476 908 694 955 seruiunt,
726 909 802 948 sed
831 909 959 948 etiam
991 909 1046 948 ad
1075 909 1251 948 eosdem
1281 909 1334 948 de
1363 908 1532 948 diuinis
1570 908 1701 947 rebus
1742 918 1904 946 sermo-

283 986 362 1013 nes
405 974 591 1021 habent;
624 985 675 1012 ex
705 985 794 1024 quo
836 985 926 1013 non
971 974 1202 1013 mediocris
1245 973 1429 1020 fructus,
1466 973 1542 1012 X.0
1581 972 1737 1023 gratia,
1770 970 1904 1022 perci·

284 1039 416 1090 pitur.
449 1039 745 1078 Adducuntur
787 1039 906 1078 enim
948 1039 1167 1078 interdum
1209 1038 1275 1078 illi
1318 1038 1373 1077 ad
1416 1040 1693 1089 peccatorum
1736 1037 1905 1076 cont'es·

284 1104 468 1154 sionem,
500 1106 547 1143 ut
577 1104 648 1143 his
678 1104 891 1155 proximis
920 1104 1077 1143 diebus
1106 1104 1279 1144 accidit.
1306 1103 1422 1142 Idem
1454 1114 1631 1154 quoque
1660 1102 1707 1141 in
1737 1101 1905 1141 ualetu-

283 1168 458 1208 dinario
488 1169 581 1208 fieri
625 1169 751 1216 solet,
783 1180 885 1208 nam
928 1169 1094 1220 aegroti
1139 1171 1391 1208 nostrorum
1427 1167 1812 1208 exhortationibus
1842 1177 1905 1205 re·

283 1236 502 1280 creantur,
534 1235 575 1272 et
604 1233 882 1273 confessione
910 1245 1070 1273 arcana
1102 1235 1306 1285 purgant,
1348 1235 1596 1284 sanantque
1638 1231 1837 1271 animum
1875 1229 1904 1270 ¹³.

286 1298 517 1338 Habentur
558 1299 690 1338 etiam
734 1310 852 1338 nunc
896 1299 1043 1349 plures
1086 1299 1336 1347 conciones,
1369 1310 1502 1349 quam
1546 1297 1771 1344 solebant;
1813 1298 1904 1335 tum

285 1363 391 1414 quia
420 1363 755 1403 concionatores
784 1376 809 1402 a
838 1364 1130 1415 praelegendo
1163 1366 1337 1411 uacant,
1369 1365 1461 1402 tum
1506 1362 1611 1413 quia
1654 1361 1903 1401 auditorum

286 1440 498 1468 numerus
528 1428 658 1479 longe
689 1428 829 1468 maior
857 1430 937 1476 est,
961 1429 1224 1468 mulieribus
1254 1430 1346 1468 toto
1376 1429 1459 1467 hoc
1488 1430 1682 1478 tempore
1704 1425 1859 1465 feriato
1893 1433 1906 1451 ⁴³

286 1492 341 1532 ad
371 1495 573 1532 nostrum
603 1493 815 1544 templum
846 1493 1187 1541 confluentibus,
1219 1494 1336 1544 quod
1369 1493 1539 1544 reliquo
1582 1494 1776 1541 tempore
1819 1502 1908 1530 non

287 1558 402 1598 licet.
436 1559 666 1598 Habentur
696 1558 844 1610 itaque
872 1558 919 1598 in
948 1559 1032 1598 hoc
1052 1558 1238 1610 collegio
1259 1558 1495 1598 conciones
1514 1557 1533 1583 d
1554 1556 1764 1597 omnibus
1785 1555 1909 1595 festis

286 1624 458 1671 diebus,
491 1623 546 1662 ad
589 1624 707 1674 quod
751 1623 881 1663 etiam
923 1635 1086 1664 munus
1115 1623 1386 1671 obeundum,
1420 1625 1512 1663 tum
1542 1622 1589 1661 in
1618 1621 1743 1662 urbis
1773 1620 1908 1660 huius

287 1689 466 1739 templo,
498 1691 590 1728 tum
621 1691 743 1728 extra
786 1689 960 1728 moenia
1001 1688 1208 1728 nonnulli
1243 1700 1266 1728 e
1296 1688 1460 1728 nostris
1504 1688 1754 1727 mittuntur.
1788 1685 1907 1725 Idem

287 1754 336 1793 fit
365 1754 535 1805 reliquo
564 1754 670 1793 anni
701 1756 910 1805 tempore,
942 1754 1017 1793 sed
1049 1754 1225 1804 parcius
1255 1765 1332 1804 pro
1368 1753 1612 1792 maioribus
1656 1753 1908 1791 nostrorum

288 1819 669 1869 occupationibus.
702 1819 1010 1869 Efflagitantur
1037 1819 1152 1858 enim
1186 1818 1326 1858 nostri
1357 1818 1411 1857 ad
1450 1818 1565 1857 idem
1595 1817 1907 1864 ministerium,

289 1886 338 1923 ut
365 1896 418 1923 ex
447 1896 598 1923 eorum
628 1884 934 1931 concionibus,
956 1896 1068 1935 quas
1098 1884 1382 1923 uehementer
1401 1883 1648 1934 approbant
1669 1883 1907 1930 auditores,

289 1949 477 1989 multum
510 1949 700 1988 fructum
732 1949 994 2000 percipiunt.

368 2013 725 2054 6.Continente1·
779 2026 1004 2062 sanorum,
1050 2015 1418 2064 aegrotorumque
1461 2012 1691 2052 hominum
1744 2012 1912 2052 confes·

289 2079 438 2119 siones
467 2091 492 2118 a
522 2080 685 2119 nostris
729 2079 988 2127 audiuntur,
1019 2081 1062 2118 et
1090 2079 1166 2130 qui
1211 2079 1307 2118 eius
1338 2078 1399 2117 rei
1429 2090 1577 2118 curam
1623 2078 1802 2125 habent,
1835 2077 1910 2116 ubi

289 2156 543 2194 quenquam
586 2147 778 2195 egestate
822 2144 960 2195 premi
990 2144 1262 2194 intelligunt,
1295 2144 1422 2182 illum
1465 2143 1585 2182 omni
1628 2154 1710 2193 ope
1757 2143 1912 2182 iuuare

289 2211 520 2248 conantur.
554 2209 680 2248 Multi
711 2221 816 2248 uero
845 2209 917 2248 his
946 2209 1159 2259 exemplis
1188 2208 1243 2247 ad
1275 2210 1434 2247 rectam
1468 2207 1649 2247 uiuendi
1696 2207 1909 2246 rationem

290 2273 545 2315 incitantur.
585 2274 754 2314 Graues
800 2274 1078 2324 quorundam
1123 2273 1253 2313 etiam
1309 2273 1568 2312 inimicitiae
1606 2280 1622 2299 e
1660 2274 1911 2312 nostrorum

290 2351 421 2389 opera
442 2340 659 2378 extinctae
680 2342 797 2379 sunt.
822 2340 957 2379 Erant
976 2339 1092 2378 enim
1123 2351 1176 2378 ex
1207 2339 1299 2377 illis
1329 2338 1571 2377 nonnullae
1601 2337 1909 2388 primariorum

291 2404 504 2451 uirorum,
527 2405 603 2454 qui
625 2404 739 2443 inter
767 2416 813 2444 se
841 2405 1019 2455 capitali
1041 2404 1142 2444 odio
1172 2403 1461 2443 dissidebant.
1483 2402 1670 2442 Cautum
1696 2405 1762 2441 est
1781 2402 1912 2441 etiam

291 2481 346 2509 ne
376 2469 461 2508 sibi
491 2469 670 2519 quidam
703 2469 922 2509 uiolentas
953 2481 1112 2508 manus
1141 2469 1333 2508 inferret.
1377 2469 1605 2507 Praeterea
1647 2467 1913 2517 dissipatum

292 2535 358 2572 est
377 2533 612 2572 dissidium
635 2532 647 2558 s
672 2533 913 2572 multorum
945 2533 1209 2579 uicinorum,
1241 2532 1294 2571 de
1323 2544 1411 2583 quo
1441 2532 1511 2571 uir
1539 2531 1719 2582 quidam
1750 2530 1914 2569 nobilis

292 2598 548 2649 intelligens
590 2600 756 2649 quanta
800 2598 915 2637 mala
957 2599 1013 2637 ob
1056 2609 1152 2637 eam
1182 2609 1270 2636 rem
1304 2597 1599 2643 imminerent,
1641 2595 1696 2634 ad
1740 2595 1913 2634 Patrem

294 2663 521 2702 Rectorem
552 2662 728 2713 scripsit
757 2663 995 2702 obsecrans
1025 2675 1140 2710 eum,
1164 2664 1212 2702 ut
1242 2661 1297 2713 ijs
1327 2661 1511 2712 perditis
1532 2660 1791 2700 hominibus
1819 2670 1915 2698 suc-

292 2730 499 2768 curreret.
535 2727 635 2767 Alia
677 2739 853 2778 quoque
896 2727 1202 2767 huiuscemodi
1246 2726 1438 2766 officiose
1482 2725 1671 2776 perfecta
1714 2726 1833 2771 sunt,
1873 2725 1911 2762 et

293 2795 387 2832 tum
420 2793 447 2843 ij
481 2793 557 2843 qui
587 2792 641 2832 ad
672 2792 911 2831 amicitiam
944 2792 1159 2840 redibant,
1193 2794 1284 2831 tum
1328 2790 1486 2830 caeteri
1525 2790 1601 2840 qui
1631 2789 1827 2835 aderant,
1859 2788 1914 2827 ad

355 2956 374 2975 a
394 2947 475 2980 Del.
500 2955 721 2988 magnopere
744 2946 907 2978 student.
934 2964 973 2968 -
996 2945 1014 2971 b
1035 2946 1200 2977 animum
1227 2954 1354 2986 supra
1381 2953 1482 2976 vers.
1518 2962 1557 2965 —
1587 2950 1602 2969 c
1632 2942 1763 2974 feriato
1789 2949 1915 2982 supra

294 3010 395 3033 vers.
419 3019 459 3023 -
481 3000 500 3027 d
520 2999 682 3032 Emend.
707 3008 754 3031 er
770 2998 1024 3031 concionibus.
1042 3017 1082 3020 —
1105 3007 1120 3025 e
1141 2998 1279 3030 Praec.
1297 3007 1332 3030 v.
1350 2997 1443 3029 add.
1461 2997 1506 3028 in
1524 3005 1649 3036 marg.
1668 3013 1705 3017 —
1723 2995 1737 3021 f
1753 2993 1913 3026 Emend.

295 3064 342 3086 ex
365 3054 591 3095 dissipatum
614 3054 670 3086 est
693 3053 894 3085 iteratum.
