2028 3531
342 289 411 324 474
812 290 1019 327 Li'r‘rEnAE
1055 292 1398 335 Qufflnzimsssrrmzs

295 406 414 446 hunc
445 407 497 457 (si
528 419 609 447 suo
634 408 816 448 numine
836 409 986 448 dexter
1006 408 1178 447 at't'uerit
1205 407 1333 453 Deus)
1356 407 1552 446 ardorem
1576 407 1714 446 animi
1736 408 1910 448 tandem

295 472 536 519 aliquando
578 474 843 524 expleturos.
892 474 1057 513 Classis
1100 474 1213 511 certe
1258 471 1495 510 rhetorices
1537 472 1770 522 discipulis
1819 473 1911 523 (qui

295 539 451 576 octauo
481 549 656 589 quoque
698 539 768 577 die
811 539 1135 589 disputationes
1178 537 1222 575 in
1267 535 1447 582 scholis,
1479 537 1703 576 orationes
1741 537 1912 587 publice

295 601 476 649 habent)
520 614 654 642 vnum
699 603 742 641 id
786 605 851 642 est
897 603 1185 653 propositum,
1221 603 1263 639 vt
1291 612 1464 639 summa
1507 612 1605 640 cum
1645 601 1800 651 gratia,
1834 613 1912 642 nec

295 665 454 705 minori
488 667 718 706 verborum
751 667 970 717 elegantia
1000 669 1130 717 atque
1174 665 1393 704 sermonis
1424 667 1668 712 venustate,
1699 678 1781 705 sua
1810 666 1912 705 aliis

295 742 423 769 sensa
454 731 672 781 explicare
701 734 878 782 queant.
917 731 1198 781 lteliquarum
1232 742 1336 769 uero
1366 729 1575 769 classium
1611 731 1836 769 auditores
1866 731 1911 769 in

295 795 377 834 hoc
401 796 524 834 vnice
549 797 823 839 incumbunt.
848 799 893 835 vt
913 808 992 835 sua
1014 795 1219 845 epistolia
1239 795 1328 833 sint
1353 806 1485 845 quam
1507 795 1858 834 elaboratissima
1880 798 1908 834 ¹.

295 858 516 908 Quantum
550 872 678 911 porro
710 861 755 899 in
786 861 946 912 pietate
975 863 1013 899 et
1047 860 1174 899 bonis
1198 859 1394 898 moribus
1415 859 1769 910 progrediantur,
1793 860 1911 899 haud

295 924 422 963 facile
451 925 651 964 dixerim.
686 926 905 965 Lubenter
925 925 1128 976 equidem
1160 924 1388 963 mensibus
1409 924 1601 975 singulis
1625 927 1801 975 peccata
1830 936 1912 964 sua

293 989 508 1028 sacerdoti
539 990 763 1041 detegunt„
787 990 992 1029 nonnulli
1015 990 1145 1029 etiam
1168 989 1379 1028 crebrius.
1407 989 1708 1028 Eucharistiae
1738 1001 1912 1040 quoque

293 1057 617 1094 sacramentum
656 1067 746 1094 non
789 1067 887 1094 raro
917 1056 1113 1101 sumunt,
1149 1054 1219 1093 vbi
1251 1053 1507 1104 praesertim
1551 1054 1778 1093 solennior
1818 1054 1912 1093 dies

293 1117 457 1168 aliquis
490 1119 740 1158 occurrerit.
775 1119 1105 1170 Augustisshno
1140 1118 1269 1157 altari
1313 1118 1528 1157 sacrificio
1570 1118 1767 1169 quotidie
1802 1119 1911 1157 mira

293 1183 482 1232 quadam
513 1184 750 1223 deuotione
780 1184 1023 1229 intersunt,
1058 1183 1129 1222 vbi
1161 1183 1243 1222 hoc
1273 1183 1388 1222 inter
1408 1183 1495 1222 alia
1516 1183 1667 1222 uidere
1688 1183 1913 1222 iucundis-

293 1247 453 1286 simum
485 1250 565 1295 est,
598 1249 902 1288 nobilissimos
932 1260 1130 1299 quosque
1160 1250 1311 1287 sancta
1342 1248 1534 1298 quadam
1572 1247 1814 1287 ambitione
1843 1248 1912 1287 de-

293 1312 516 1351 seruiendi
547 1313 705 1357 officio,
737 1314 841 1353 dum
872 1313 1009 1352 sacris
1039 1313 1243 1352 sacerdos
1272 1315 1493 1363 operatur,
1517 1312 1632 1352 inter
1661 1324 1707 1351 se
1735 1315 1913 1352 conten-

293 1376 408 1417 dere.
441 1377 555 1427 Quid
585 1379 703 1429 quod
735 1379 861 1418 multi
892 1379 1074 1425 auitam,
1098 1378 1173 1417 sed
1200 1389 1309 1428 pene
1330 1377 1417 1416 iam
1439 1378 1672 1428 sepultam,
1704 1377 1912 1428 pietatem

293 1444 551 1482 reuocantes
581 1443 897 1482 adolescentuli
928 1443 1085 1482 altaria
1115 1443 1234 1482 domi
1260 1454 1381 1490 suae,
1415 1444 1645 1493 parentum
1674 1453 1909 1490 consensu,

292 1507 516 1555 extruunt,
550 1507 822 1558 imaginibus
847 1509 1021 1555 ornant,
1045 1508 1236 1558 preculis
1257 1507 1632 1558 frequentioribus
1662 1507 1912 1546 honorant?

292 1568 377 1609 Sed
407 1571 562 1610 desino
593 1572 777 1611 minima
806 1584 1006 1623 quaeque
1050 1572 1267 1623 persequi.
1301 1572 1438 1611 Verae
1482 1571 1711 1623 religionis
1744 1583 1910 1622 omnes,

292 1646 614 1686 germanaeque
644 1637 821 1687 pietatis
850 1638 1037 1676 solidam
1068 1639 1109 1676 et
1138 1649 1390 1688 expressam
1417 1649 1519 1688 prae
1548 1649 1595 1676 se
1625 1637 1735 1676 ferre
1765 1636 1912 1676 uiden-

292 1700 365 1738 tur
392 1700 594 1751 effigiem.

370 1764 408 1803 5.
454 1764 580 1804 Nouo
623 1766 796 1817 collegij
842 1766 1056 1813 aedificio,
1107 1766 1223 1817 quod
1273 1778 1298 1805 a
1346 1766 1647 1805 fundamentis
1694 1765 1911 1816 superiori

291 1840 409 1867 anno
438 1830 716 1880 auspicatum
748 1831 844 1876 fuit,
876 1833 1068 1870 extrema
1107 1831 1194 1870 iam
1224 1842 1384 1870 manus
1413 1831 1612 1870 accessit.
1646 1829 1911 1870 Curauimus

289 1895 437 1932 autem
466 1893 577 1933 illud
607 1906 633 1933 a
663 1894 759 1934 R.‘¹0
788 1895 836 1936 P.
860 1895 1130 1935 Prouinciali
1154 1895 1429 1946 praecedenti
1460 1907 1624 1942 mense,
1647 1895 1910 1934 solennibus

289 1957 504 1997 adhibitis
532 1960 807 2011 ceremoniis,
832 1960 1044 2005 benedici,
1068 1963 1109 2000 et
1139 1961 1226 1999 iam
1256 1961 1372 1999 bona
1397 1960 1493 2000 eius
1514 1971 1616 2010 pars
1645 1972 1670 1999 a
1700 1959 1911 1999 fratribus

290 2023 455 2062 nostris
483 2026 635 2071 coepta
664 2027 730 2063 est
758 2025 963 2064 habitari.
996 2025 1260 2065 Benedictus
1290 2037 1427 2076 vsque
1456 2025 1674 2064 Dominus
1703 2024 1780 2076 qui
1800 2024 1910 2075 adij-

289 2086 348 2126 cit
377 2087 507 2127 nobis
535 2088 703 2128 affatim
732 2089 896 2139 omnia,
930 2092 973 2128 vt
1002 2090 1305 2130 custodiamus
1339 2090 1678 2130 iustificationes
1724 2089 1835 2137 eius,
1868 2091 1910 2129 et

289 2150 429 2202 legem
459 2152 555 2192 eius
597 2153 892 2204 exquiramus
936 2154 1092 2194 Deerat
1134 2155 1320 2206 collegio
1350 2155 1475 2195 locus
1508 2155 1767 2194 commodus
1798 2154 1910 2194 vnde

289 2226 450 2266 aquam
481 2217 635 2256 vsibus
676 2218 950 2269 quotidianis
992 2219 1285 2258 necessariam
1327 2221 1589 2270 peteremus.
1636 2219 1770 2258 Iussit
1808 2218 1910 2258 ilico

290 2278 515 2320 illustriss.
562 2282 765 2333 princeps
792 2283 807 2306 ²
839 2285 1017 2333 puteum
1049 2283 1094 2322 in
1123 2284 1309 2323 aedibus
1347 2284 1511 2324 nostris
1542 2284 1702 2335 parari,
1734 2295 1789 2323 ne
1817 2283 1911 2322 lon-

290 2344 390 2395 gius
418 2346 605 2396 petendo
635 2349 928 2397 grauarentur
947 2348 1100 2388 nostri.
1134 2349 1452 2389 Bibliothecam
1484 2349 1667 2399 insuper
1694 2349 1910 2388 habemus

290 2410 592 2451 selectissimis
633 2411 884 2463 quibusque
913 2413 1178 2453 authoribus
1221 2414 1567 2462 ornatissimam,
1600 2425 1689 2453 non
1719 2413 1872 2453 latinis
1891 2420 1909 2439 ἃ

290 2475 478 2520 tantum,
510 2476 586 2515 sed
628 2478 668 2516 et
712 2477 880 2527 graecis
908 2479 950 2516 et
980 2478 1253 2526 haebraicis3
1286 2481 1328 2518 et
1362 2479 1400 2518 si
1429 2478 1506 2530 qui
1536 2479 1646 2518 forte
1680 2478 1810 2518 nobis
1839 2478 1910 2517 de-

291 2541 410 2587 sunt,
447 2539 669 2580 liberrime
698 2552 773 2580 eos
802 2553 854 2580 ex
883 2541 1221 2592 opulentissima
1261 2546 1392 2594 atque
1436 2542 1818 2594 praestantissima
1861 2542 1910 2581 il-

290 2603 482 2644 lustriss.
515 2605 642 2645 ducis
671 2605 940 2646 bibliotheca
970 2606 1254 2657 depromendi
1301 2611 1492 2659 potestas
1526 2608 1655 2648 nobis
1686 2608 1799 2647 facta
1827 2609 1907 2647 est.

352 2795 371 2814 a
394 2796 468 2819 non
492 2787 621 2819 latinis
644 2787 689 2819 in
710 2796 852 2828 marg„
877 2787 1013 2820 deletis
1036 2798 1110 2821 non
1134 2789 1238 2821 lectis
1261 2790 1320 2831 (9).

353 2948 363 2966 ¹
388 2946 429 2979 In
463 2946 542 2979 cod.
571 2946 698 2979 Germ.
719 2946 803 2983 142,
828 2946 852 2979 f.
876 2947 937 2979 224
958 2948 1080 2979 exstat
1102 2948 1190 2980 ordo
1213 2949 1423 2981 scholarum
1457 2949 1537 2982 coll.
1562 2948 1795 2981 monacensis
1819 2949 1911 2981 tem·

292 3008 379 3041 pore
402 3000 571 3032 autumn.
598 3000 688 3036 1561,
713 3000 750 3031 et
771 2999 1039 3040 discipulorum
1063 3010 1250 3034 numerus.

352 3054 364 3071 ²
386 3052 560 3084 Albertus
583 3051 625 3091 V,
650 3051 831 3084 Bavariae
855 3052 941 3084 duX.
