2028 3531
340 287 410 322 300
812 291 1017 328 Lim-'rama
1051 294 1396 338 QUAansssTREs

291 405 565 454 propositum
597 408 743 447 tamen
773 409 903 449 habet
934 411 1208 461 ingrediendi
1240 412 1516 461 Societatem,
1539 415 1667 455 cuius
1696 417 1827 457 etiam
1852 431 1914 459 re-

293 469 421 517 gulas
442 470 526 509 sibi
557 471 651 510 dari
683 473 986 514 obseruandas
1015 488 1293 526 summopere
1322 478 1506 528 cupiuit.
1538 479 1762 521 Vocantur
1780 483 1911 522 etiam

290 533 428 572 nostri
463 535 712 576 sacerdotes
742 539 829 577 tam
861 539 915 577 ad
946 540 1119 578 nobiles
1166 552 1391 590 personaS,
1429 554 1560 593 quam
1596 544 1651 583 ad
1693 546 1910 596 captiuos,

293 598 547 645 praesertim
577 610 652 638 eos
681 601 756 652 qui
788 605 925 642 morte
961 604 1176 653 plectendi
1199 607 1318 652 sunt,
1343 606 1590 647 audiendae
1619 610 1912 650 confessionis

290 672 446 707 causa,
480 674 529 701 ac
560 675 699 714 nuper
730 678 846 705 unus
876 679 898 706 e
929 668 1093 706 nostris
1129 669 1336 708 Patribus
1367 674 1520 721 rogatu
1552 672 1719 712 domini
1750 675 1913 725 capita-

291 725 360 764 nei
404 727 624 776 quendam
668 730 911 780 captiuum,
942 732 1070 771 cuius
1102 733 1224 783 prius
1258 736 1577 775 confessionem
1610 738 1824 785 audierat,
1856 740 1911 779 ad

289 789 434 829 locum
467 803 606 842 usque
635 795 841 845 supplicij
875 798 1111 836 comitatus
1154 800 1195 836 et
1237 800 1493 839 consolatus
1535 804 1613 841 est.
1660 802 1911 844 Christiana

289 868 464 907 quoque
495 869 598 908 pace
630 860 755 898 multi
787 863 890 900 sunt
925 864 1176 901 nostrorum
1222 864 1402 904 Patrum
1446 878 1578 916 opera
1621 869 1909 917 reconciliati,

288 920 363 970 qui
407 921 633 961 diuturnis
679 924 794 974 odijs
840 925 884 963 in
916 928 1114 965 mutuam
1163 928 1386 978 pernicien
1434 931 1827 981 conspirauerant;
1859 946 1911 973 ex

288 985 452 1034 quibus
482 998 599 1026 unus
628 989 911 1029 manifestum
945 991 1188 1041 periculum
1223 993 1348 1032 alteri
1386 995 1652 1044 minabatur,
1684 997 1800 1037 alius
1829 998 1911 1038 ini-

290 1049 401 1089 mico
430 1062 511 1090 suo
550 1052 851 1093 clandestinas
894 1056 1048 1095 mortis
1092 1057 1280 1097 insidias
1325 1060 1530 1109 parabat,
1577 1061 1651 1111 alij
1698 1062 1801 1110 duo,
1833 1064 1909 1114 qui

287 1114 417 1153 uanis
446 1116 629 1156 omnino
660 1119 812 1157 mundi
843 1119 979 1159 huius
1004 1120 1224 1161 illecebris
1245 1123 1428 1163 inmersi
1451 1124 1733 1173 uidebantur,
1756 1139 1781 1166 a
1811 1139 1910 1167 nos-

286 1178 366 1217 tris
396 1181 610 1230 persuasi,
645 1182 818 1232 plumas
860 1196 971 1235 quas
1010 1186 1234 1236 gerebant,
1266 1190 1522 1240 caeteraque
1565 1190 1760 1231 leuitatis
1804 1192 1910 1232 insi-

285 1243 389 1293 gnia
434 1256 521 1284 non
565 1246 798 1286 difficulter
844 1249 1114 1290 abiecerunt.
1147 1251 1231 1301 Qui
1276 1265 1405 1303 porro
1447 1254 1613 1305 captiui
1657 1255 1910 1296 detinentur

284 1309 548 1357 carceribus,
593 1312 661 1351 uel
705 1312 750 1351 in
794 1313 1093 1364 hospitalibus
1136 1328 1365 1368 pauperes,
1413 1320 1483 1359 uel
1530 1321 1695 1371 passim
1744 1322 1908 1362 infirmi

284 1375 403 1420 sunt,
449 1376 588 1414 nostri
636 1377 809 1428 collegij
861 1379 1119 1420 charitatem
1169 1393 1486 1433 saepenumero
1533 1386 1821 1436 experiuntur
1866 1390 1909 1427 et

286 1439 612 1489 commendant,
644 1453 833 1491 quorum
863 1445 1064 1494 exempla
1093 1446 1431 1497 subijcerentur,
1454 1449 1541 1489 nisi
1572 1450 1778 1490 breuitati
1808 1463 1909 1491 con-

283 1502 518 1543 sulendum
549 1508 677 1545 esset.

360 1568 398 1606 6.
432 1567 712 1618 Quamobren
743 1584 884 1623 neque
915 1585 1177 1625 magnorum
1210 1577 1439 1618 hominum
1469 1591 1572 1630 erga
1605 1592 1688 1619 nos
1709 1580 1904 1621 fauorem

282 1631 354 1671 hic
385 1633 536 1673 multis
558 1646 811 1686 prosequor.
834 1637 1153 1680 Serenissimus
1175 1641 1378 1693 princeps
1399 1655 1477 1694 pro
1499 1644 1752 1685 redimenda
1774 1646 1904 1686 domo

282 1696 388 1735 noui
432 1698 604 1749 collegij
651 1712 792 1751 nuper
833 1714 857 1741 a
888 1702 931 1742 S.
974 1703 1018 1744 C.
1052 1705 1107 1745 M.
1139 1706 1270 1746 nobis
1318 1707 1573 1758 impetrauit
1602 1710 1679 1748 700
1724 1711 1902 1760 taleros,

280 1772 392 1811 quos
421 1763 621 1814 alioquin
652 1767 970 1815 persoluendos
1008 1781 1033 1808 a
1062 1770 1194 1810 nobis
1236 1771 1374 1812 fuisse
1417 1776 1588 1823 praeter
1629 1775 1903 1815 serenissimi

279 1826 493 1877 principis
521 1840 571 1868 ac
601 1832 800 1870 nostrum
841 1833 1040 1873 omnium
1084 1835 1339 1886 opinionem
1385 1838 1506 1889 regia
1547 1851 1719 1879 camera
1763 1840 1904 1880 literis

278 1891 545 1942 quibusdam
566 1894 911 1937 demonstrabat.
935 1897 1073 1950 Saepe
1093 1912 1176 1940 nos
1204 1901 1336 1941 etiam
1372 1914 1453 1942 sua
1473 1903 1689 1944 celsitudo
1710 1906 1904 1946 consulit

279 1955 324 1994 in
345 1958 640 1997 conscientiae
661 1961 853 2009 casibus,
886 1965 1126 2015 nostroque
1155 1968 1242 2005 stat
1272 1966 1452 2015 iudicio,
1483 1969 1691 2019 quamuis
1707 1969 1800 2020 alij,
1824 1982 1903 2010 nec

278 2019 459 2069 indocti,
492 2033 813 2075 nonnunquam
843 2027 972 2066 aliter
1013 2029 1223 2077 sentiant,
1268 2042 1318 2070 ac
1361 2032 1624 2082 persuadere
1670 2036 1898 2074 conentur.

278 2084 392 2124 Hinc
422 2086 557 2136 petito
586 2099 611 2126 a
642 2089 771 2128 nobis
791 2091 994 2139 consilio,
1027 2105 1116 2133 non
1147 2095 1346 2145 permisit
1368 2098 1416 2136 ut
1445 2097 1702 2137 iudaeorum
1724 2099 1901 2149 paruuli

276 2149 433 2189 inuitis
463 2152 720 2201 parentibus
749 2155 1093 2206 baptizarentur,
1125 2162 1417 2210 quantumuis
1438 2162 1561 2202 aliud
1590 2163 1770 2214 quidam
1800 2175 1901 2203 con-

276 2214 484 2255 sulerent.
518 2216 632 2256 Hinc
662 2218 921 2260 iudaeorum
951 2223 1177 2273 orphanos
1206 2229 1495 2278 congregatos
1525 2240 1678 2268 omnes
1721 2229 1775 2268 ad
1818 2240 1901 2268 nos

276 2279 410 2327 misit,
433 2292 521 2331 quo
542 2282 757 2332 paulatim
778 2285 833 2323 ad
854 2287 1184 2338 suscipiendam
1205 2289 1369 2330 Christi
1391 2292 1520 2331 fidem
1542 2292 1894 2341 instituerentur,

276 2343 377 2384 licet
405 2357 480 2385 eos
509 2349 662 2396 postea
691 2348 923 2396 dimiserit,
956 2353 1073 2402 quod
1104 2354 1251 2394 iudaei
1282 2355 1416 2395 nimis
1450 2357 1701 2408 importune
1731 2358 1786 2397 ad
1824 2370 1899 2398 eos

274 2408 553 2449 redimendos
582 2411 869 2453 solicitarent.
902 2416 1023 2456 Libri
1053 2418 1231 2469 quidam
1264 2422 1521 2471 germanici,
1571 2434 1683 2473 quos
1729 2423 1777 2462 R.
1824 2423 1895 2463 Pr.

276 2473 571 2515 Prouincialis
586 2478 871 2518 serenissimo
889 2481 1077 2533 principi
1095 2484 1289 2533 miserat,
1304 2485 1365 2525 ita
1382 2487 1657 2537 placuerunt,
1673 2490 1721 2527 ut
1736 2488 1899 2529 diceret

274 2549 320 2577 se
349 2538 494 2590 ipsum
525 2541 691 2591 gratias
720 2554 798 2593 pro
828 2545 917 2583 tam
947 2547 1214 2596 gratissimis
1234 2551 1494 2591 muneribus
1522 2554 1739 2592 acturum.
1772 2552 1897 2594 RffiSS

273 2602 572 2644 Commendon
603 2618 628 2644 a
657 2607 823 2647 nostris
852 2610 1066 2651 studiosis
1094 2613 1285 2665 eleganti
1315 2616 1510 2656 carmine
1542 2619 1749 2668 exceptus
1778 2618 1896 2668 apud

273 2679 354 2707 nos
384 2680 545 2720 magna
579 2671 731 2722 populi
773 2672 1008 2715 deuotione
1037 2678 1293 2728 celebrauit,
1324 2692 1508 2732 nosque,
1541 2683 1589 2721 ut
1617 2682 1774 2722 fratres
1803 2694 1896 2722 am-

272 2732 443 2782 plexus,
466 2734 703 2786 aliquoties
731 2748 838 2776 suae
860 2750 1036 2780 mensae
1057 2742 1275 2785 adhibuit.
1306 2745 1356 2786 R.
1387 2746 1596 2786 dominus
1616 2747 1895 2798 praepositus

272 2796 318 2836 in
348 2799 545 2838 nostram
574 2811 624 2839 ac
653 2800 825 2852 collegij
859 2804 966 2843 noui
995 2806 1181 2856 gratiam
1213 2809 1328 2849 nihil
1358 2821 1448 2849 non
1477 2822 1556 2861 pro
1585 2823 1665 2851 sua
1686 2811 1895 2852 facultate

271 2861 461 2902 libenter
488 2875 538 2904 ac
567 2865 722 2905 sedulo
751 2865 870 2907 facit.
904 2868 1006 2909 Istis
1035 2870 1193 2912 diebus
1230 2885 1331 2914 cum
1373 2875 1441 2914 illi
1483 2876 1894 2917 commendaremus

271 2926 496 2967 studiosos
525 2941 755 2980 pauperes,
787 2934 958 2981 praeter
977 2939 1213 2977 consuetas
1232 2939 1524 2980 eleemosinas
1556 2941 1743 2981 donauit
1763 2941 1894 2981 nobis

272 2991 322 3029 10
349 2992 526 3041 taleros‚
557 2994 721 3045 quibus
749 3007 982 3047 possemus
1023 3000 1088 3040 eis
1116 3004 1390 3044 necessarios
1431 3005 1571 3045 libros
1598 3017 1754 3046 emere.
1800 3005 1893 3046 Pri-

270 3067 365 3095 mas
380 3056 577 3098 ciuitatis
598 3060 827 3111 pragensis
847 3063 1114 3113 quibusdam
1131 3066 1330 3119 donarijs
1349 3081 1431 3109 nos
1447 3069 1689 3121 aliquando
1709 3070 1888 3119 salutat,
