2028 3531
327 276 396 312 392
795 278 1000 315 LITTERAE
1033 279 1378 324 QUAanEs'rREs

281 394 392 434 tium
421 395 585 435 animis
614 408 774 447 magna
804 397 935 436 fuerit
963 397 1200 443 exultatio;
1225 398 1269 435 at
1289 395 1395 446 quia
1424 395 1601 435 Domini
1632 396 1792 435 festum
1813 396 1895 444 est,

281 459 366 510 ipsi
410 459 509 500 laus
551 462 594 500 et
621 461 763 501 honor
804 462 876 509 sit,
921 462 997 512 qui
1045 473 1217 512 semper
1263 472 1507 511 pauperum
1549 462 1617 500 est
1644 460 1821 512 adiutor
1850 460 1897 500 in

279 525 658 575 oportunitatibus
678 528 706 564 ¹.
730 526 813 566 Sed
836 538 889 566 ne
914 527 1065 566 videar
1093 526 1242 565 omnia
1272 525 1471 575 generice
1501 536 1720 574 enarrare,
1743 525 1894 576 aliqua

280 589 394 629 scitu
424 590 559 641 digna
588 591 817 641 speciatim
847 593 1041 642 tangam.
1074 591 1139 631 Sit
1169 602 1272 641 ergo
1302 590 1516 641 primum:
1548 590 1762 640 templum
1795 600 1897 629 nos—

280 655 395 693 trum
426 654 487 694 ita
516 657 722 695 ornatum
759 667 870 704 esse,
906 658 949 696 vt
977 656 1175 695 omnium
1219 655 1360 694 oculis
1402 655 1538 694 nimis
1580 656 1754 706 gratum
1797 665 1899 705 apa-

280 719 415 766 reret;
447 718 551 769 quia
586 720 837 769 pendebant
866 720 911 759 in
941 720 1038 771 ipso
1067 732 1119 759 ex
1148 719 1268 770 omnj
1301 721 1423 769 parte
1464 718 1656 758 tentoria
1684 717 1800 758 versi
1828 729 1899 757 co-

279 782 387 822 loris
415 782 538 835 [sicl.
571 784 725 824 Maiori
763 796 888 824 sacro
919 796 1032 824 Vnus
1061 796 1113 824 ex
1142 784 1306 824 nostris
1335 784 1456 823 dedit
1484 795 1676 834 operam,
1721 782 1897 822 diaconi

278 859 382 887 vero
411 848 499 887 duo
528 859 581 887 ex
609 849 835 888 canonicis
865 850 1046 888 maioris
1076 849 1309 896 basilicae3
1354 849 1581 888 auditores
1610 848 1686 899 qui
1716 847 1897 886 adfuere

278 912 491 961 contioni,
523 925 656 963 quam
686 925 801 953 vnus
821 926 873 954 ex
894 914 1058 954 nostris
1088 914 1197 953 satis
1217 926 1267 953 ac
1287 913 1397 953 satis
1425 913 1635 953 omnibus
1665 912 1897 963 perutilem

279 976 394 1025 fecit,
426 978 695 1018 excedebant
731 990 930 1027 numero,
963 979 1025 1018 ita
1055 981 1100 1018 vt
1130 979 1250 1029 ipsos
1282 978 1354 1017 vix
1382 979 1557 1029 caperet
1585 977 1783 1017 ecclesia.
1816 976 1897 1016 Ve-

278 1043 440 1081 nerunt
486 1044 681 1092 preterea
723 1045 812 1083 tam
856 1044 983 1083 multi
1014 1056 1066 1082 ex
1108 1043 1419 1083 ecclesiasticis
1467 1042 1683 1082 maiorum
1729 1041 1895 1090 edium,

277 1118 411 1157 quam
441 1118 493 1146 ex
534 1108 837 1147 sacerdotibus
880 1108 1065 1147 duarum
1113 1107 1460 1159 parrochiarum,
1496 1107 1549 1147 de
1578 1119 1765 1158 quarum
1810 1117 1897 1145 vna

277 1182 443 1222 organa
472 1173 657 1219 traxere,
689 1173 745 1212 ob
765 1173 892 1213 cuius
922 1173 1109 1224 gratiam
1140 1173 1320 1212 maioris
1339 1172 1493 1223 templi
1515 1172 1658 1212 adfuit
1677 1171 1897 1211 citharoe-

277 1235 376 1283 dus,
407 1236 484 1287 qui
515 1236 575 1276 ita
604 1238 803 1277 suauiter
839 1238 1130 1277 citharizabat
1157 1243 1172 1261 ³¹
1208 1240 1254 1277 vt
1283 1237 1561 1277 audient‘um
1590 1237 1765 1276 animos
1806 1236 1893 1275 fere

277 1299 324 1339 in
353 1301 540 1340 extasim
570 1303 758 1350 teneret;
791 1314 870 1342 nec
899 1303 1075 1342 defuere
1109 1303 1185 1354 alij
1217 1314 1294 1342 sex
1322 1302 1516 1353 predicte
1558 1301 1768 1341 ecclesiae
1796 1312 1898 1340 can-

276 1366 417 1413 tores;
449 1367 491 1405 et
519 1366 637 1417 quod
676 1367 757 1406 hac
787 1367 833 1406 in
864 1379 907 1406 re
936 1368 1078 1417 magis
1125 1367 1399 1407 stimandum
1448 1366 1896 1418 perpendendumque

276 1432 471 1480 apparet,
503 1431 586 1470 hos
615 1443 767 1471 omnes
789 1432 926 1483 gratis
946 1444 996 1472 ac
1017 1432 1314 1472 libentissimo
1344 1432 1494 1472 animo
1519 1431 1769 1471 aduenisse.
1794 1431 1897 1470 Pro-

275 1494 407 1543 cesio‚
439 1507 524 1545 que
553 1496 671 1535 domi
702 1497 818 1547 apud
850 1509 931 1536 nos
961 1498 1074 1536 facta
1103 1499 1183 1544 est,
1208 1509 1283 1548 per
1302 1498 1558 1537 consuetam
1588 1498 1759 1548 portam
1789 1495 1897 1535 exiit

276 1559 417 1600 foras:
464 1560 581 1599 viam
624 1573 757 1612 quam
800 1562 1133 1601 sanctissimum
1169 1561 1237 1601 X.i
1263 1574 1423 1613 corpus
1468 1561 1737 1612 pertransth,
1783 1560 1895 1600 mira

275 1624 487 1664 varietate
518 1625 686 1675 pictura
715 1626 964 1675 decorabat,
997 1627 1043 1666 in
1072 1639 1160 1678 qua
1189 1629 1314 1666 erant
1341 1627 1515 1675 altaria,
1547 1627 1594 1666 in
1623 1626 1787 1678 quibus
1817 1625 1896 1665 ali-

275 1689 542 1740 quantulum
571 1690 841 1730 sanctissimi
872 1690 940 1731 X.i
965 1704 1125 1742 corpus
1155 1693 1424 1732 morabatur.
1466 1691 1662 1731 Tandem
1692 1690 1894 1742 peruenit

275 1753 331 1792 ad
352 1756 553 1794 nostrum
582 1755 734 1806 templi
765 1757 916 1805 altare,
940 1757 1014 1796 vbi
1035 1769 1133 1796 cum
1167 1758 1358 1796 maxima
1387 1757 1638 1797 animorum
1668 1756 1896 1796 alacritate

275 1818 330 1857 ad
352 1819 527 1859 laudem
548 1821 590 1858 et
609 1820 797 1870 gloriam
827 1821 1144 1872 omnipotentis
1173 1822 1251 1862 Dei
1274 1824 1475 1862 nostrum
1505 1822 1702 1862 solemne
1732 1821 1893 1860 festum

274 1883 407 1922 finem
436 1884 643 1924 obtinuit.
678 1884 857 1936 [Preces
880 1888 1094 1937 postulat,
1128 1901 1176 1927 ac
1205 1887 1450 1939 valedicit]

381 1949 610 1988 Palantiae
639 1952 762 1989 sexto
791 1951 998 1991 calendas
1030 1951 1236 2003 Augusti.

381 2014 591 2054 Minimus
621 2015 667 2054 in
697 2015 774 2055 X.0
801 2016 938 2057 filius.

1164 2131 1480 2171 FERmNANDUs
1510 2131 1720 2170 ALVAREZ
1749 2132 1779 2181 -ί-
1806 2132 1837 2170 ².

334 2413 351 2431 a
372 2405 597 2437 zitaredus..
623 2405 842 2438 zitarizabat
867 2415 936 2438 ms.

335 2583 344 2600 ¹
368 2581 419 2614 Cf.
444 2581 504 2614 Ps.
527 2582 588 2621 IX,
614 2582 664 2615 10.

335 2637 346 2654 ¹¹
368 2635 461 2667 Vide
484 2644 517 2676 p.
544 2635 614 2668 174,
