<?xml version="1.0" encoding="UTF-8"?>
<!DOCTYPE html PUBLIC "-//W3C//DTD XHTML 1.0 Transitional//EN"
    "http://www.w3.org/TR/xhtml1/DTD/xhtml1-transitional.dtd">
<html xmlns="http://www.w3.org/1999/xhtml" xml:lang="en" lang="en">
 <head>
  <title>
</title>
<meta http-equiv="Content-Type" content="text/html;charset=utf-8" />
  <meta name='ocr-system' content='tesseract 3.04.00' />
  <meta name='ocr-capabilities' content='ocr_page ocr_carea ocr_par ocr_line ocrx_word'/>
</head>
<body>
  <div class='ocr_page' id='page_1' title='image "./litteraequadrime1907lain_0713.png"; bbox 0 0 2028 3531; ppageno 0'>
   <div class='ocr_carea' id='block_1_1' title="bbox 558 281 1694 319">
    <p class='ocr_par' dir='ltr' id='par_1_1' title="bbox 558 281 1694 319">
     <span class='ocr_line' id='line_1_1' title="bbox 558 281 1694 319; baseline 0 -2"><span class='ocrx_word' id='word_1_1' title='bbox 558 282 638 317; x_wconf 87' lang='grc'>608.</span> <span class='ocrx_word' id='word_1_2' title='bbox 667 304 710 307; x_wconf 85' lang='grc'>-</span> <span class='ocrx_word' id='word_1_3' title='bbox 739 282 881 319; x_wconf 71' lang='lat' dir='ltr'><strong>PRAGA</strong></span> <span class='ocrx_word' id='word_1_4' title='bbox 906 282 928 317; x_wconf 68' lang='lat'><strong>2</strong></span> <span class='ocrx_word' id='word_1_5' title='bbox 956 281 1149 319; x_wconf 76' lang='lat' dir='ltr'>IANUARn</span> <span class='ocrx_word' id='word_1_6' title='bbox 1177 281 1267 318; x_wconf 65' lang='lat'>1562</span> <span class='ocrx_word' id='word_1_7' title='bbox 1624 282 1694 318; x_wconf 88' lang='grc'>687</span> 
     </span>
    </p>
   </div>
   <div class='ocr_carea' id='block_1_2' title="bbox 110 400 1750 2937">
    <p class='ocr_par' dir='ltr' id='par_1_2' title="bbox 110 400 1748 1495">
     <span class='ocr_line' id='line_1_2' title="bbox 111 400 1745 451; baseline -0.001 -10"><span class='ocrx_word' id='word_1_8' title='bbox 111 401 380 448; x_wconf 86' lang='lat' dir='ltr'>telleximus,</span> <span class='ocrx_word' id='word_1_9' title='bbox 412 400 665 451; x_wconf 79' lang='lat' dir='ltr'>lachrymas</span> <span class='ocrx_word' id='word_1_10' title='bbox 694 401 902 441; x_wconf 81' lang='lat' dir='ltr'>excussit.</span> <span class='ocrx_word' id='word_1_11' title='bbox 938 401 1065 441; x_wconf 89' lang='lat' dir='ltr'>Noua</span> <span class='ocrx_word' id='word_1_12' title='bbox 1093 401 1253 441; x_wconf 90' lang='lat' dir='ltr'>deinde</span> <span class='ocrx_word' id='word_1_13' title='bbox 1295 400 1458 447; x_wconf 87' lang='lat' dir='ltr'>studia,</span> <span class='ocrx_word' id='word_1_14' title='bbox 1491 412 1610 440; x_wconf 87' lang='lat' dir='ltr'>noua</span> <span class='ocrx_word' id='word_1_15' title='bbox 1639 412 1745 451; x_wconf 89' lang='lat' dir='ltr'>quo-</span> 
     </span>
     <span class='ocr_line' id='line_1_3' title="bbox 112 465 1744 517; baseline -0.001 -11"><span class='ocrx_word' id='word_1_16' title='bbox 112 478 198 517; x_wconf 85' lang='lat' dir='ltr'>que</span> <span class='ocrx_word' id='word_1_17' title='bbox 232 468 323 506; x_wconf 89' lang='lat' dir='ltr'>tam</span> <span class='ocrx_word' id='word_1_18' title='bbox 365 467 699 516; x_wconf 88' lang='lat' dir='ltr'>praeceptorum</span> <span class='ocrx_word' id='word_1_19' title='bbox 739 478 872 517; x_wconf 88' lang='lat' dir='ltr'>quam</span> <span class='ocrx_word' id='word_1_20' title='bbox 917 466 1221 506; x_wconf 87' lang='lat' dir='ltr'>studiosorum</span> <span class='ocrx_word' id='word_1_21' title='bbox 1264 465 1513 516; x_wconf 80' lang='lat' dir='ltr'>diligentia,</span> <span class='ocrx_word' id='word_1_22' title='bbox 1549 466 1667 515; x_wconf 90' lang='lat' dir='ltr'>quod</span> <span class='ocrx_word' id='word_1_23' title='bbox 1695 466 1744 512; x_wconf 87' lang='lat' dir='ltr'>in</span> 
     </span>
     <span class='ocr_line' id='line_1_4' title="bbox 112 530 1744 583; baseline -0.001 -12"><span class='ocrx_word' id='word_1_24' title='bbox 112 532 314 583; x_wconf 91' lang='lat' dir='ltr'>utrisque</span> <span class='ocrx_word' id='word_1_25' title='bbox 342 530 453 570; x_wconf 88' lang='lat' dir='ltr'>satis</span> <span class='ocrx_word' id='word_1_26' title='bbox 482 533 680 581; x_wconf 89' lang='lat' dir='ltr'>apparet,</span> <span class='ocrx_word' id='word_1_27' title='bbox 723 532 931 571; x_wconf 83' lang='lat' dir='ltr'>inchoata</span> <span class='ocrx_word' id='word_1_28' title='bbox 961 534 1089 579; x_wconf 58' lang='lat' dir='ltr'>sunt,</span> <span class='ocrx_word' id='word_1_29' title='bbox 1122 543 1221 571; x_wconf 89' lang='lat' dir='ltr'>cum</span> <span class='ocrx_word' id='word_1_30' title='bbox 1253 532 1431 570; x_wconf 87' lang='lat' dir='ltr'>nostrae</span> <span class='ocrx_word' id='word_1_31' title='bbox 1460 530 1626 570; x_wconf 90' lang='lat' dir='ltr'>classes</span> <span class='ocrx_word' id='word_1_32' title='bbox 1657 530 1744 570; x_wconf 89' lang='lat' dir='ltr'>iam</span> 
     </span>
     <span class='ocr_line' id='line_1_5' title="bbox 111 595 1746 648; baseline -0.001 -11"><span class='ocrx_word' id='word_1_33' title='bbox 111 598 154 637; x_wconf 91' lang='lat' dir='ltr'>et</span> <span class='ocrx_word' id='word_1_34' title='bbox 183 597 334 648; x_wconf 91' lang='lat' dir='ltr'>plures</span> <span class='ocrx_word' id='word_1_35' title='bbox 363 597 404 635; x_wconf 90' lang='lat' dir='ltr'>et</span> <span class='ocrx_word' id='word_1_36' title='bbox 434 595 658 646; x_wconf 82' lang='lat' dir='ltr'>pleniores</span> <span class='ocrx_word' id='word_1_37' title='bbox 688 599 940 636; x_wconf 77' lang='lat' dir='ltr'>cernantur.</span> <span class='ocrx_word' id='word_1_38' title='bbox 976 597 1057 636; x_wconf 88' lang='lat' dir='ltr'>Hic</span> <span class='ocrx_word' id='word_1_39' title='bbox 1087 608 1168 648; x_wconf 89' lang='lat' dir='ltr'>ego</span> <span class='ocrx_word' id='word_1_40' title='bbox 1198 597 1251 636; x_wconf 91' lang='lat' dir='ltr'>de</span> <span class='ocrx_word' id='word_1_41' title='bbox 1286 596 1500 635; x_wconf 88' lang='lat' dir='ltr'>festorum</span> <span class='ocrx_word' id='word_1_42' title='bbox 1530 607 1580 635; x_wconf 92' lang='lat' dir='ltr'>ac</span> <span class='ocrx_word' id='word_1_43' title='bbox 1609 595 1746 635; x_wconf 91' lang='lat' dir='ltr'>domi-</span> 
     </span>
     <span class='ocr_line' id='line_1_6' title="bbox 111 660 1745 713; baseline -0.001 -12"><span class='ocrx_word' id='word_1_44' title='bbox 111 662 314 702; x_wconf 86' lang='lat' dir='ltr'>nicorum</span> <span class='ocrx_word' id='word_1_45' title='bbox 343 661 516 701; x_wconf 89' lang='lat' dir='ltr'>dierum</span> <span class='ocrx_word' id='word_1_46' title='bbox 547 661 755 712; x_wconf 79' lang='lat' dir='ltr'>oratorijs</span> <span class='ocrx_word' id='word_1_47' title='bbox 786 674 836 701; x_wconf 87' lang='lat' dir='ltr'>ac</span> <span class='ocrx_word' id='word_1_48' title='bbox 872 662 1055 713; x_wconf 68' lang='lat' dir='ltr'>poeticis</span> <span class='ocrx_word' id='word_1_49' title='bbox 1089 660 1506 708; x_wconf 76' lang='lat' dir='ltr'>declamationibus,</span> <span class='ocrx_word' id='word_1_50' title='bbox 1538 661 1591 700; x_wconf 89' lang='lat' dir='ltr'>de</span> <span class='ocrx_word' id='word_1_51' title='bbox 1620 661 1745 701; x_wconf 90' lang='lat' dir='ltr'>scho-</span> 
     </span>
     <span class='ocr_line' id='line_1_7' title="bbox 112 726 1744 779; baseline 0 -12"><span class='ocrx_word' id='word_1_52' title='bbox 112 727 282 767; x_wconf 89' lang='lat' dir='ltr'>lasticis</span> <span class='ocrx_word' id='word_1_53' title='bbox 311 726 709 778; x_wconf 77' lang='lat' dir='ltr'>disputationibus,</span> <span class='ocrx_word' id='word_1_54' title='bbox 733 728 874 778; x_wconf 85' lang='lat' dir='ltr'>deque</span> <span class='ocrx_word' id='word_1_55' title='bbox 896 739 1014 767; x_wconf 88' lang='lat' dir='ltr'>nouo</span> <span class='ocrx_word' id='word_1_56' title='bbox 1044 728 1236 779; x_wconf 88' lang='lat' dir='ltr'>quodam</span> <span class='ocrx_word' id='word_1_57' title='bbox 1259 738 1493 778; x_wconf 89' lang='lat' dir='ltr'>puerorum</span> <span class='ocrx_word' id='word_1_58' title='bbox 1518 726 1565 765; x_wconf 90' lang='lat' dir='ltr'>in</span> <span class='ocrx_word' id='word_1_59' title='bbox 1595 728 1744 774; x_wconf 89' lang='lat' dir='ltr'>cantu,</span> 
     </span>
     <span class='ocr_line' id='line_1_8' title="bbox 111 792 1746 844; baseline -0.001 -11"><span class='ocrx_word' id='word_1_60' title='bbox 111 795 200 833; x_wconf 90' lang='lat' dir='ltr'>tam</span> <span class='ocrx_word' id='word_1_61' title='bbox 236 792 428 844; x_wconf 87' lang='lat' dir='ltr'>figurali,</span> <span class='ocrx_word' id='word_1_62' title='bbox 460 804 594 843; x_wconf 88' lang='lat' dir='ltr'>quam</span> <span class='ocrx_word' id='word_1_63' title='bbox 638 792 847 842; x_wconf 79' lang='lat' dir='ltr'>simplici,</span> <span class='ocrx_word' id='word_1_64' title='bbox 881 794 1077 843; x_wconf 83' lang='lat' dir='ltr'>profectu</span> <span class='ocrx_word' id='word_1_65' title='bbox 1123 792 1238 832; x_wconf 90' lang='lat' dir='ltr'>nihil</span> <span class='ocrx_word' id='word_1_66' title='bbox 1282 792 1491 835; x_wconf 84' lang='lat' dir='ltr'>referam:</span> <span class='ocrx_word' id='word_1_67' title='bbox 1537 792 1746 843; x_wconf 89' lang='lat' dir='ltr'>quamuis</span> 
     </span>
     <span class='ocr_line' id='line_1_9' title="bbox 111 856 1744 908; baseline 0 -11"><span class='ocrx_word' id='word_1_68' title='bbox 111 857 220 897; x_wconf 88' lang='lat' dir='ltr'>haec</span> <span class='ocrx_word' id='word_1_69' title='bbox 248 857 399 897; x_wconf 88' lang='lat' dir='ltr'>omnia</span> <span class='ocrx_word' id='word_1_70' title='bbox 429 868 521 896; x_wconf 89' lang='lat' dir='ltr'>non</span> <span class='ocrx_word' id='word_1_71' title='bbox 550 858 677 908; x_wconf 86' lang='lat' dir='ltr'>grata</span> <span class='ocrx_word' id='word_1_72' title='bbox 706 856 870 901; x_wconf 88' lang='lat' dir='ltr'>minus,</span> <span class='ocrx_word' id='word_1_73' title='bbox 895 869 1028 907; x_wconf 84' lang='lat' dir='ltr'>quam</span> <span class='ocrx_word' id='word_1_74' title='bbox 1059 857 1287 896; x_wconf 82' lang='lat' dir='ltr'>fructuosa</span> <span class='ocrx_word' id='word_1_75' title='bbox 1308 856 1511 896; x_wconf 88' lang='lat' dir='ltr'>bohemis</span> <span class='ocrx_word' id='word_1_76' title='bbox 1535 856 1744 897; x_wconf 83' lang='lat' dir='ltr'>existant.</span> 
     </span>
     <span class='ocr_line' id='line_1_10' title="bbox 111 920 1747 974; baseline -0.001 -12"><span class='ocrx_word' id='word_1_77' title='bbox 111 922 262 974; x_wconf 88' lang='lat' dir='ltr'>Neque</span> <span class='ocrx_word' id='word_1_78' title='bbox 291 933 411 961; x_wconf 91' lang='lat' dir='ltr'>nunc</span> <span class='ocrx_word' id='word_1_79' title='bbox 441 922 577 961; x_wconf 91' lang='lat' dir='ltr'>uerba</span> <span class='ocrx_word' id='word_1_80' title='bbox 607 921 766 960; x_wconf 85' lang='lat' dir='ltr'>faciam</span> <span class='ocrx_word' id='word_1_81' title='bbox 797 921 850 960; x_wconf 90' lang='lat' dir='ltr'>de</span> <span class='ocrx_word' id='word_1_82' title='bbox 895 933 1014 961; x_wconf 93' lang='lat' dir='ltr'>nouo</span> <span class='ocrx_word' id='word_1_83' title='bbox 1049 922 1354 962; x_wconf 84' lang='lat' dir='ltr'>studiosorum</span> <span class='ocrx_word' id='word_1_84' title='bbox 1379 920 1422 961; x_wconf 83' lang='lat' dir='ltr'>S.</span> <span class='ocrx_word' id='word_1_85' title='bbox 1447 920 1491 961; x_wconf 89' lang='lat' dir='ltr'>C.</span> <span class='ocrx_word' id='word_1_86' title='bbox 1514 921 1569 961; x_wconf 90' lang='lat' dir='ltr'>M.</span> <span class='ocrx_word' id='word_1_87' title='bbox 1607 922 1747 961; x_wconf 89' lang='lat' dir='ltr'>alum—</span> 
     </span>
     <span class='ocr_line' id='line_1_11' title="bbox 111 986 1747 1038; baseline 0 -11"><span class='ocrx_word' id='word_1_88' title='bbox 111 999 271 1027; x_wconf 90' lang='lat' dir='ltr'>norum</span> <span class='ocrx_word' id='word_1_89' title='bbox 301 986 504 1038; x_wconf 83' lang='lat' dir='ltr'>collegio,</span> <span class='ocrx_word' id='word_1_90' title='bbox 537 986 584 1025; x_wconf 91' lang='lat' dir='ltr'>in</span> <span class='ocrx_word' id='word_1_91' title='bbox 627 998 717 1037; x_wconf 88' lang='lat' dir='ltr'>quo</span> <span class='ocrx_word' id='word_1_92' title='bbox 759 987 810 1025; x_wconf 83' lang='lat'>37</span> <span class='ocrx_word' id='word_1_93' title='bbox 854 987 1085 1026; x_wconf 80' lang='lat' dir='ltr'>lectissimi</span> <span class='ocrx_word' id='word_1_94' title='bbox 1131 998 1406 1038; x_wconf 82' lang='lat' dir='ltr'>magnaeque</span> <span class='ocrx_word' id='word_1_95' title='bbox 1436 986 1529 1037; x_wconf 91' lang='lat' dir='ltr'>spei</span> <span class='ocrx_word' id='word_1_96' title='bbox 1561 987 1747 1027; x_wconf 89' lang='lat' dir='ltr'>iuuenes</span> 
     </span>
     <span class='ocr_line' id='line_1_12' title="bbox 112 1052 1747 1104; baseline -0.001 -11"><span class='ocrx_word' id='word_1_97' title='bbox 112 1053 172 1093; x_wconf 92' lang='lat' dir='ltr'>ita</span> <span class='ocrx_word' id='word_1_98' title='bbox 202 1053 441 1104; x_wconf 85' lang='lat' dir='ltr'>diligenter</span> <span class='ocrx_word' id='word_1_99' title='bbox 469 1052 664 1104; x_wconf 84' lang='lat' dir='ltr'>pietatis,</span> <span class='ocrx_word' id='word_1_100' title='bbox 697 1064 747 1091; x_wconf 88' lang='lat' dir='ltr'>ac</span> <span class='ocrx_word' id='word_1_101' title='bbox 777 1052 1005 1092; x_wconf 88' lang='lat' dir='ltr'>literarum</span> <span class='ocrx_word' id='word_1_102' title='bbox 1037 1053 1200 1104; x_wconf 88' lang='lat' dir='ltr'>studijs</span> <span class='ocrx_word' id='word_1_103' title='bbox 1233 1055 1565 1103; x_wconf 86' lang='lat' dir='ltr'>promouentur,</span> <span class='ocrx_word' id='word_1_104' title='bbox 1588 1055 1637 1092; x_wconf 92' lang='lat' dir='ltr'>ut</span> <span class='ocrx_word' id='word_1_105' title='bbox 1656 1055 1747 1092; x_wconf 89' lang='lat' dir='ltr'>tam</span> 
     </span>
     <span class='ocr_line' id='line_1_13' title="bbox 112 1118 1748 1170; baseline 0 -12"><span class='ocrx_word' id='word_1_106' title='bbox 112 1130 366 1170; x_wconf 74' lang='lat' dir='ltr'>pragenses,</span> <span class='ocrx_word' id='word_1_107' title='bbox 397 1130 532 1170; x_wconf 85' lang='lat' dir='ltr'>quam</span> <span class='ocrx_word' id='word_1_108' title='bbox 562 1118 760 1157; x_wconf 84' lang='lat' dir='ltr'>extranei</span> <span class='ocrx_word' id='word_1_109' title='bbox 793 1119 1037 1168; x_wconf 87' lang='lat' dir='ltr'>magnates,</span> <span class='ocrx_word' id='word_1_110' title='bbox 1085 1130 1198 1169; x_wconf 88' lang='lat' dir='ltr'>quos</span> <span class='ocrx_word' id='word_1_111' title='bbox 1247 1119 1392 1157; x_wconf 90' lang='lat' dir='ltr'>bonus</span> <span class='ocrx_word' id='word_1_112' title='bbox 1426 1118 1501 1157; x_wconf 87' lang='lat' dir='ltr'>ille</span> <span class='ocrx_word' id='word_1_113' title='bbox 1541 1118 1646 1158; x_wconf 90' lang='lat' dir='ltr'>boni</span> <span class='ocrx_word' id='word_1_114' title='bbox 1678 1131 1748 1158; x_wconf 92' lang='lat' dir='ltr'>ru-</span> 
     </span>
     <span class='ocr_line' id='line_1_14' title="bbox 112 1182 1747 1234; baseline 0 -10"><span class='ocrx_word' id='word_1_115' title='bbox 112 1184 250 1224; x_wconf 87' lang='lat' dir='ltr'>moris</span> <span class='ocrx_word' id='word_1_116' title='bbox 292 1183 402 1223; x_wconf 89' lang='lat' dir='ltr'>odor</span> <span class='ocrx_word' id='word_1_117' title='bbox 444 1183 606 1229; x_wconf 82' lang='lat' dir='ltr'>affecit,</span> <span class='ocrx_word' id='word_1_118' title='bbox 652 1182 785 1229; x_wconf 88' lang='lat' dir='ltr'>filios,</span> <span class='ocrx_word' id='word_1_119' title='bbox 832 1183 903 1222; x_wconf 90' lang='lat' dir='ltr'>uel</span> <span class='ocrx_word' id='word_1_120' title='bbox 942 1185 1157 1234; x_wconf 83' lang='lat' dir='ltr'>cognatos</span> <span class='ocrx_word' id='word_1_121' title='bbox 1199 1195 1361 1233; x_wconf 91' lang='lat' dir='ltr'>pueros</span> <span class='ocrx_word' id='word_1_122' title='bbox 1397 1182 1443 1222; x_wconf 89' lang='lat' dir='ltr'>in</span> <span class='ocrx_word' id='word_1_123' title='bbox 1473 1183 1587 1223; x_wconf 89' lang='lat' dir='ltr'>illud</span> <span class='ocrx_word' id='word_1_124' title='bbox 1617 1184 1747 1224; x_wconf 90' lang='lat' dir='ltr'>colle-</span> 
     </span>
     <span class='ocr_line' id='line_1_15' title="bbox 112 1247 1748 1301; baseline 0 -12"><span class='ocrx_word' id='word_1_125' title='bbox 112 1249 234 1301; x_wconf 87' lang='lat' dir='ltr'>gium</span> <span class='ocrx_word' id='word_1_126' title='bbox 265 1249 437 1288; x_wconf 82' lang='lat' dir='ltr'>tradere</span> <span class='ocrx_word' id='word_1_127' title='bbox 468 1248 612 1287; x_wconf 91' lang='lat' dir='ltr'>modis</span> <span class='ocrx_word' id='word_1_128' title='bbox 641 1247 852 1287; x_wconf 89' lang='lat' dir='ltr'>omnibus</span> <span class='ocrx_word' id='word_1_129' title='bbox 882 1248 1167 1288; x_wconf 85' lang='lat' dir='ltr'>contendant.</span> <span class='ocrx_word' id='word_1_130' title='bbox 1201 1248 1502 1288; x_wconf 75' lang='lat' dir='ltr'>Veruntamen</span> <span class='ocrx_word' id='word_1_131' title='bbox 1533 1248 1748 1289; x_wconf 86' lang='lat' dir='ltr'>hactenus</span> 
     </span>
     <span class='ocr_line' id='line_1_16' title="bbox 111 1313 1745 1367; baseline -0.001 -12"><span class='ocrx_word' id='word_1_132' title='bbox 111 1314 320 1367; x_wconf 89' lang='lat' dir='ltr'>angustia</span> <span class='ocrx_word' id='word_1_133' title='bbox 363 1314 449 1354; x_wconf 91' lang='lat' dir='ltr'>loci</span> <span class='ocrx_word' id='word_1_134' title='bbox 480 1314 645 1354; x_wconf 86' lang='lat' dir='ltr'>factum</span> <span class='ocrx_word' id='word_1_135' title='bbox 687 1315 768 1360; x_wconf 90' lang='lat' dir='ltr'>est,</span> <span class='ocrx_word' id='word_1_136' title='bbox 801 1315 849 1352; x_wconf 91' lang='lat' dir='ltr'>ut</span> <span class='ocrx_word' id='word_1_137' title='bbox 893 1313 1021 1353; x_wconf 85' lang='lat' dir='ltr'>multi</span> <span class='ocrx_word' id='word_1_138' title='bbox 1058 1313 1281 1364; x_wconf 86' lang='lat' dir='ltr'>repulsam</span> <span class='ocrx_word' id='word_1_139' title='bbox 1312 1313 1445 1354; x_wconf 89' lang='lat' dir='ltr'>inuiti</span> <span class='ocrx_word' id='word_1_140' title='bbox 1475 1316 1745 1365; x_wconf 87' lang='lat' dir='ltr'>paterentur,</span> 
     </span>
     <span class='ocr_line' id='line_1_17' title="bbox 110 1378 1748 1432; baseline 0 -13"><span class='ocrx_word' id='word_1_141' title='bbox 110 1379 320 1432; x_wconf 91' lang='lat' dir='ltr'>quamuis</span> <span class='ocrx_word' id='word_1_142' title='bbox 348 1391 374 1419; x_wconf 89' lang='lat' dir='ltr'>a</span> <span class='ocrx_word' id='word_1_143' title='bbox 404 1379 536 1419; x_wconf 90' lang='lat' dir='ltr'>nobis</span> <span class='ocrx_word' id='word_1_144' title='bbox 565 1379 648 1418; x_wconf 89' lang='lat' dir='ltr'>hac</span> <span class='ocrx_word' id='word_1_145' title='bbox 677 1390 754 1429; x_wconf 92' lang='lat' dir='ltr'>spe</span> <span class='ocrx_word' id='word_1_146' title='bbox 784 1378 1100 1423; x_wconf 85' lang='lat' dir='ltr'>discesserunt,</span> <span class='ocrx_word' id='word_1_147' title='bbox 1129 1381 1192 1427; x_wconf 91' lang='lat' dir='ltr'>ut,</span> <span class='ocrx_word' id='word_1_148' title='bbox 1216 1379 1396 1430; x_wconf 88' lang='lat' dir='ltr'>quando</span> <span class='ocrx_word' id='word_1_149' title='bbox 1417 1379 1559 1418; x_wconf 89' lang='lat' dir='ltr'>maior</span> <span class='ocrx_word' id='word_1_150' title='bbox 1587 1379 1748 1419; x_wconf 90' lang='lat' dir='ltr'>domus</span> 
     </span>
     <span class='ocr_line' id='line_1_18' title="bbox 111 1444 1304 1495; baseline -0.003 -9"><span class='ocrx_word' id='word_1_151' title='bbox 111 1445 403 1486; x_wconf 89' lang='lat' dir='ltr'>commoditas</span> <span class='ocrx_word' id='word_1_152' title='bbox 432 1445 580 1491; x_wconf 87' lang='lat' dir='ltr'>fuerit,</span> <span class='ocrx_word' id='word_1_153' title='bbox 612 1444 683 1484; x_wconf 90' lang='lat' dir='ltr'>sui</span> <span class='ocrx_word' id='word_1_154' title='bbox 714 1444 808 1483; x_wconf 89' lang='lat' dir='ltr'>uoti</span> <span class='ocrx_word' id='word_1_155' title='bbox 839 1446 1064 1495; x_wconf 84' lang='lat' dir='ltr'>compotes</span> <span class='ocrx_word' id='word_1_156' title='bbox 1096 1444 1304 1484; x_wconf 88' lang='lat' dir='ltr'>euadant.</span> 
     </span>
    </p>

    <p class='ocr_par' dir='ltr' id='par_1_3' title="bbox 110 1509 1750 2937">
     <span class='ocr_line' id='line_1_19' title="bbox 190 1509 1748 1562; baseline -0.001 -11"><span class='ocrx_word' id='word_1_157' title='bbox 190 1511 228 1552; x_wconf 83' lang='lat'>5.</span> <span class='ocrx_word' id='word_1_158' title='bbox 259 1510 386 1561; x_wconf 85' lang='lat' dir='ltr'>Quod</span> <span class='ocrx_word' id='word_1_159' title='bbox 416 1523 523 1551; x_wconf 91' lang='lat' dir='ltr'>uero</span> <span class='ocrx_word' id='word_1_160' title='bbox 552 1512 721 1562; x_wconf 89' lang='lat' dir='ltr'>spectat</span> <span class='ocrx_word' id='word_1_161' title='bbox 750 1510 805 1549; x_wconf 88' lang='lat' dir='ltr'>ad</span> <span class='ocrx_word' id='word_1_162' title='bbox 841 1509 1011 1549; x_wconf 90' lang='lat' dir='ltr'>cultum</span> <span class='ocrx_word' id='word_1_163' title='bbox 1055 1509 1278 1557; x_wconf 91' lang='lat' dir='ltr'>diuinum,</span> <span class='ocrx_word' id='word_1_164' title='bbox 1310 1512 1580 1561; x_wconf 86' lang='lat' dir='ltr'>externaque</span> <span class='ocrx_word' id='word_1_165' title='bbox 1610 1510 1748 1550; x_wconf 90' lang='lat' dir='ltr'>chris—</span> 
     </span>
     <span class='ocr_line' id='line_1_20' title="bbox 110 1575 1745 1628; baseline -0.001 -12"><span class='ocrx_word' id='word_1_166' title='bbox 110 1576 258 1616; x_wconf 88' lang='lat' dir='ltr'>tianae</span> <span class='ocrx_word' id='word_1_167' title='bbox 275 1575 453 1628; x_wconf 90' lang='lat' dir='ltr'>pietatis</span> <span class='ocrx_word' id='word_1_168' title='bbox 473 1587 621 1627; x_wconf 87' lang='lat' dir='ltr'>opera,</span> <span class='ocrx_word' id='word_1_169' title='bbox 641 1575 755 1615; x_wconf 90' lang='lat' dir='ltr'>illud</span> <span class='ocrx_word' id='word_1_170' title='bbox 776 1575 906 1614; x_wconf 89' lang='lat' dir='ltr'>initio</span> <span class='ocrx_word' id='word_1_171' title='bbox 928 1575 1130 1622; x_wconf 83' lang='lat' dir='ltr'>dixerim,</span> <span class='ocrx_word' id='word_1_172' title='bbox 1150 1575 1270 1626; x_wconf 85' lang='lat' dir='ltr'>quod</span> <span class='ocrx_word' id='word_1_173' title='bbox 1291 1575 1502 1626; x_wconf 90' lang='lat' dir='ltr'>templum</span> <span class='ocrx_word' id='word_1_174' title='bbox 1527 1577 1745 1623; x_wconf 90' lang='lat' dir='ltr'>nostrum,</span> 
     </span>
     <span class='ocr_line' id='line_1_21' title="bbox 111 1640 1746 1692; baseline -0.001 -10"><span class='ocrx_word' id='word_1_175' title='bbox 111 1642 212 1682; x_wconf 91' lang='lat' dir='ltr'>licet</span> <span class='ocrx_word' id='word_1_176' title='bbox 241 1641 444 1682; x_wconf 88' lang='lat' dir='ltr'>aedificio</span> <span class='ocrx_word' id='word_1_177' title='bbox 464 1653 555 1681; x_wconf 90' lang='lat' dir='ltr'>non</span> <span class='ocrx_word' id='word_1_178' title='bbox 585 1640 870 1692; x_wconf 88' lang='lat' dir='ltr'>splendidum</span> <span class='ocrx_word' id='word_1_179' title='bbox 894 1652 973 1680; x_wconf 91' lang='lat' dir='ltr'>nec</span> <span class='ocrx_word' id='word_1_180' title='bbox 994 1640 1208 1690; x_wconf 85' lang='lat' dir='ltr'>amplum,</span> <span class='ocrx_word' id='word_1_181' title='bbox 1233 1652 1313 1680; x_wconf 91' lang='lat' dir='ltr'>nec</span> <span class='ocrx_word' id='word_1_182' title='bbox 1337 1640 1509 1680; x_wconf 91' lang='lat' dir='ltr'>aulaeis</span> <span class='ocrx_word' id='word_1_183' title='bbox 1538 1642 1746 1681; x_wconf 88' lang='lat' dir='ltr'>ornatum</span> 
     </span>
     <span class='ocr_line' id='line_1_22' title="bbox 111 1706 1749 1757; baseline -0.001 -10"><span class='ocrx_word' id='word_1_184' title='bbox 111 1707 183 1755; x_wconf 85' lang='lat' dir='ltr'>sit,</span> <span class='ocrx_word' id='word_1_185' title='bbox 207 1707 254 1746; x_wconf 93' lang='lat' dir='ltr'>in</span> <span class='ocrx_word' id='word_1_186' title='bbox 275 1706 370 1747; x_wconf 89' lang='lat' dir='ltr'>dies</span> <span class='ocrx_word' id='word_1_187' title='bbox 390 1708 539 1746; x_wconf 88' lang='lat' dir='ltr'>tamen</span> <span class='ocrx_word' id='word_1_188' title='bbox 560 1706 705 1757; x_wconf 89' lang='lat' dir='ltr'>magis</span> <span class='ocrx_word' id='word_1_189' title='bbox 726 1706 1052 1757; x_wconf 85' lang='lat' dir='ltr'>frequentatum</span> <span class='ocrx_word' id='word_1_190' title='bbox 1076 1706 1286 1752; x_wconf 91' lang='lat' dir='ltr'>cernitur,</span> <span class='ocrx_word' id='word_1_191' title='bbox 1310 1717 1401 1745; x_wconf 89' lang='lat' dir='ltr'>non</span> <span class='ocrx_word' id='word_1_192' title='bbox 1420 1706 1567 1746; x_wconf 91' lang='lat' dir='ltr'>solum</span> <span class='ocrx_word' id='word_1_193' title='bbox 1587 1718 1613 1746; x_wconf 89' lang='lat' dir='ltr'>a</span> <span class='ocrx_word' id='word_1_194' title='bbox 1633 1718 1749 1746; x_wconf 90' lang='lat' dir='ltr'>com-</span> 
     </span>
     <span class='ocr_line' id='line_1_23' title="bbox 112 1771 1745 1824; baseline 0 -12"><span class='ocrx_word' id='word_1_195' title='bbox 112 1773 237 1813; x_wconf 91' lang='lat' dir='ltr'>muni</span> <span class='ocrx_word' id='word_1_196' title='bbox 267 1772 448 1824; x_wconf 87' lang='lat' dir='ltr'>populo,</span> <span class='ocrx_word' id='word_1_197' title='bbox 472 1784 627 1812; x_wconf 91' lang='lat' dir='ltr'>uerum</span> <span class='ocrx_word' id='word_1_198' title='bbox 658 1771 791 1811; x_wconf 89' lang='lat' dir='ltr'>etiam</span> <span class='ocrx_word' id='word_1_199' title='bbox 814 1783 839 1810; x_wconf 91' lang='lat' dir='ltr'>a</span> <span class='ocrx_word' id='word_1_200' title='bbox 860 1771 1110 1822; x_wconf 86' lang='lat' dir='ltr'>magnificis</span> <span class='ocrx_word' id='word_1_201' title='bbox 1135 1783 1185 1811; x_wconf 88' lang='lat' dir='ltr'>ac</span> <span class='ocrx_word' id='word_1_202' title='bbox 1212 1771 1441 1812; x_wconf 90' lang='lat' dir='ltr'>nobilibus</span> <span class='ocrx_word' id='word_1_203' title='bbox 1470 1771 1745 1820; x_wconf 90' lang='lat' dir='ltr'>hominibus,</span> 
     </span>
     <span class='ocr_line' id='line_1_24' title="bbox 111 1837 1746 1890; baseline -0.001 -12"><span class='ocrx_word' id='word_1_204' title='bbox 111 1850 224 1890; x_wconf 89' lang='lat' dir='ltr'>quos</span> <span class='ocrx_word' id='word_1_205' title='bbox 254 1837 415 1889; x_wconf 89' lang='lat' dir='ltr'>partim</span> <span class='ocrx_word' id='word_1_206' title='bbox 445 1837 591 1877; x_wconf 89' lang='lat' dir='ltr'>diuini</span> <span class='ocrx_word' id='word_1_207' title='bbox 620 1837 769 1877; x_wconf 92' lang='lat' dir='ltr'>cultus</span> <span class='ocrx_word' id='word_1_208' title='bbox 807 1837 1002 1883; x_wconf 85' lang='lat' dir='ltr'>deuotio,</span> <span class='ocrx_word' id='word_1_209' title='bbox 1044 1837 1288 1887; x_wconf 86' lang='lat' dir='ltr'>suauisque</span> <span class='ocrx_word' id='word_1_210' title='bbox 1327 1837 1544 1877; x_wconf 89' lang='lat' dir='ltr'>melodiae</span> <span class='ocrx_word' id='word_1_211' title='bbox 1573 1839 1746 1885; x_wconf 90' lang='lat' dir='ltr'>cantus,</span> 
     </span>
     <span class='ocr_line' id='line_1_25' title="bbox 111 1902 1749 1955; baseline -0.001 -12"><span class='ocrx_word' id='word_1_212' title='bbox 111 1903 273 1955; x_wconf 88' lang='lat' dir='ltr'>partim</span> <span class='ocrx_word' id='word_1_213' title='bbox 294 1903 374 1943; x_wconf 93' lang='lat' dir='ltr'>Dei</span> <span class='ocrx_word' id='word_1_214' title='bbox 395 1903 580 1943; x_wconf 90' lang='lat' dir='ltr'>uerbum</span> <span class='ocrx_word' id='word_1_215' title='bbox 604 1903 691 1942; x_wconf 90' lang='lat' dir='ltr'>huc</span> <span class='ocrx_word' id='word_1_216' title='bbox 712 1902 907 1942; x_wconf 87' lang='lat' dir='ltr'>attrahit.</span> <span class='ocrx_word' id='word_1_217' title='bbox 930 1902 1042 1942; x_wconf 85' lang='lat' dir='ltr'>Sunt</span> <span class='ocrx_word' id='word_1_218' title='bbox 1066 1902 1179 1942; x_wconf 89' lang='lat' dir='ltr'>inter</span> <span class='ocrx_word' id='word_1_219' title='bbox 1200 1914 1275 1942; x_wconf 92' lang='lat' dir='ltr'>eos</span> <span class='ocrx_word' id='word_1_220' title='bbox 1295 1902 1521 1950; x_wconf 82' lang='lat' dir='ltr'>nonnulli,</span> <span class='ocrx_word' id='word_1_221' title='bbox 1544 1903 1621 1954; x_wconf 87' lang='lat' dir='ltr'>qui</span> <span class='ocrx_word' id='word_1_222' title='bbox 1642 1905 1749 1942; x_wconf 85' lang='lat' dir='ltr'>tem-</span> 
     </span>
     <span class='ocr_line' id='line_1_26' title="bbox 112 1968 1749 2020; baseline 0 -12"><span class='ocrx_word' id='word_1_223' title='bbox 112 1969 234 2020; x_wconf 91' lang='lat' dir='ltr'>plum</span> <span class='ocrx_word' id='word_1_224' title='bbox 257 1980 348 2008; x_wconf 92' lang='lat' dir='ltr'>non</span> <span class='ocrx_word' id='word_1_225' title='bbox 375 1968 505 2008; x_wconf 89' lang='lat' dir='ltr'>modo</span> <span class='ocrx_word' id='word_1_226' title='bbox 536 1968 834 2020; x_wconf 78' lang='lat' dir='ltr'>frequentant,</span> <span class='ocrx_word' id='word_1_227' title='bbox 858 1968 935 2007; x_wconf 90' lang='lat' dir='ltr'>sed</span> <span class='ocrx_word' id='word_1_228' title='bbox 956 1968 1086 2007; x_wconf 88' lang='lat' dir='ltr'>etiam</span> <span class='ocrx_word' id='word_1_229' title='bbox 1111 1968 1374 2019; x_wconf 79' lang='lat' dir='ltr'>imaginum,</span> <span class='ocrx_word' id='word_1_230' title='bbox 1403 1979 1628 2008; x_wconf 88' lang='lat' dir='ltr'>sacrarum</span> <span class='ocrx_word' id='word_1_231' title='bbox 1650 1980 1749 2008; x_wconf 90' lang='lat' dir='ltr'>ues-</span> 
     </span>
     <span class='ocr_line' id='line_1_27' title="bbox 111 2033 1749 2085; baseline -0.001 -11"><span class='ocrx_word' id='word_1_232' title='bbox 111 2034 238 2081; x_wconf 87' lang='lat' dir='ltr'>tium,</span> <span class='ocrx_word' id='word_1_233' title='bbox 253 2035 296 2074; x_wconf 88' lang='lat' dir='ltr'>et</span> <span class='ocrx_word' id='word_1_234' title='bbox 312 2033 602 2085; x_wconf 87' lang='lat' dir='ltr'>pecuniarum</span> <span class='ocrx_word' id='word_1_235' title='bbox 623 2033 824 2085; x_wconf 84' lang='lat' dir='ltr'>donarijs</span> <span class='ocrx_word' id='word_1_236' title='bbox 846 2033 1088 2084; x_wconf 86' lang='lat' dir='ltr'>plurimum</span> <span class='ocrx_word' id='word_1_237' title='bbox 1110 2035 1340 2074; x_wconf 77' lang='lat' dir='ltr'>exornant.</span> <span class='ocrx_word' id='word_1_238' title='bbox 1363 2033 1489 2081; x_wconf 91' lang='lat' dir='ltr'>Nam,</span> <span class='ocrx_word' id='word_1_239' title='bbox 1509 2035 1559 2073; x_wconf 91' lang='lat' dir='ltr'>ut</span> <span class='ocrx_word' id='word_1_240' title='bbox 1579 2033 1631 2073; x_wconf 93' lang='lat' dir='ltr'>de</span> <span class='ocrx_word' id='word_1_241' title='bbox 1652 2045 1749 2085; x_wconf 90' lang='lat' dir='ltr'>pra-</span> 
     </span>
     <span class='ocr_line' id='line_1_28' title="bbox 111 2099 1749 2151; baseline -0.001 -12"><span class='ocrx_word' id='word_1_242' title='bbox 111 2099 326 2151; x_wconf 89' lang='lat' dir='ltr'>gensibus</span> <span class='ocrx_word' id='word_1_243' title='bbox 355 2111 405 2139; x_wconf 89' lang='lat' dir='ltr'>ac</span> <span class='ocrx_word' id='word_1_244' title='bbox 434 2111 542 2139; x_wconf 89' lang='lat' dir='ltr'>sane</span> <span class='ocrx_word' id='word_1_245' title='bbox 571 2099 660 2151; x_wconf 88' lang='lat' dir='ltr'>pijs</span> <span class='ocrx_word' id='word_1_246' title='bbox 687 2099 904 2138; x_wconf 89' lang='lat' dir='ltr'>matronis</span> <span class='ocrx_word' id='word_1_247' title='bbox 935 2101 1120 2146; x_wconf 74' lang='lat' dir='ltr'>taceam,</span> <span class='ocrx_word' id='word_1_248' title='bbox 1153 2099 1285 2138; x_wconf 90' lang='lat' dir='ltr'>etiam</span> <span class='ocrx_word' id='word_1_249' title='bbox 1317 2099 1523 2138; x_wconf 89' lang='lat' dir='ltr'>homines</span> <span class='ocrx_word' id='word_1_250' title='bbox 1552 2099 1749 2139; x_wconf 85' lang='lat' dir='ltr'>extranei</span> 
     </span>
     <span class='ocr_line' id='line_1_29' title="bbox 110 2164 1743 2216; baseline -0.001 -12"><span class='ocrx_word' id='word_1_251' title='bbox 110 2176 437 2216; x_wconf 87' lang='lat' dir='ltr'>nonnunquam</span> <span class='ocrx_word' id='word_1_252' title='bbox 466 2164 661 2204; x_wconf 84' lang='lat' dir='ltr'>offerunt</span> <span class='ocrx_word' id='word_1_253' title='bbox 680 2176 731 2204; x_wconf 91' lang='lat' dir='ltr'>ac</span> <span class='ocrx_word' id='word_1_254' title='bbox 751 2164 1006 2215; x_wconf 88' lang='lat' dir='ltr'>largiuntur</span> <span class='ocrx_word' id='word_1_255' title='bbox 1026 2164 1191 2215; x_wconf 83' lang='lat' dir='ltr'>templo</span> <span class='ocrx_word' id='word_1_256' title='bbox 1213 2166 1365 2203; x_wconf 91' lang='lat' dir='ltr'>nostro</span> <span class='ocrx_word' id='word_1_257' title='bbox 1387 2176 1513 2203; x_wconf 85' lang='lat' dir='ltr'>sacra</span> <span class='ocrx_word' id='word_1_258' title='bbox 1543 2176 1743 2204; x_wconf 89' lang='lat' dir='ltr'>munera.</span> 
     </span>
     <span class='ocr_line' id='line_1_30' title="bbox 111 2229 1746 2281; baseline -0.001 -12"><span class='ocrx_word' id='word_1_259' title='bbox 111 2230 323 2281; x_wconf 85' lang='lat' dir='ltr'>Exemplo</span> <span class='ocrx_word' id='word_1_260' title='bbox 353 2232 419 2269; x_wconf 91' lang='lat' dir='ltr'>est</span> <span class='ocrx_word' id='word_1_261' title='bbox 439 2232 692 2281; x_wconf 88' lang='lat' dir='ltr'>augustana</span> <span class='ocrx_word' id='word_1_262' title='bbox 713 2230 931 2281; x_wconf 87' lang='lat' dir='ltr'>quaedam</span> <span class='ocrx_word' id='word_1_263' title='bbox 954 2231 997 2269; x_wconf 88' lang='lat' dir='ltr'>et</span> <span class='ocrx_word' id='word_1_264' title='bbox 1018 2229 1254 2281; x_wconf 88' lang='lat' dir='ltr'>magnifica</span> <span class='ocrx_word' id='word_1_265' title='bbox 1275 2229 1457 2269; x_wconf 89' lang='lat' dir='ltr'>domina</span> <span class='ocrx_word' id='word_1_266' title='bbox 1487 2229 1686 2281; x_wconf 86' lang='lat' dir='ltr'>Fuggera</span> <span class='ocrx_word' id='word_1_267' title='bbox 1717 2232 1746 2277; x_wconf 81' lang='lat'>1,</span> 
     </span>
     <span class='ocr_line' id='line_1_31' title="bbox 111 2294 1749 2346; baseline 0 -12"><span class='ocrx_word' id='word_1_268' title='bbox 111 2307 225 2346; x_wconf 89' lang='lat' dir='ltr'>quae</span> <span class='ocrx_word' id='word_1_269' title='bbox 254 2295 370 2335; x_wconf 92' lang='lat' dir='ltr'>inter</span> <span class='ocrx_word' id='word_1_270' title='bbox 398 2295 527 2343; x_wconf 89' lang='lat' dir='ltr'>alios,</span> <span class='ocrx_word' id='word_1_271' title='bbox 559 2295 680 2335; x_wconf 89' lang='lat' dir='ltr'>hunc</span> <span class='ocrx_word' id='word_1_272' title='bbox 709 2295 845 2335; x_wconf 90' lang='lat' dir='ltr'>etiam</span> <span class='ocrx_word' id='word_1_273' title='bbox 876 2295 1067 2334; x_wconf 88' lang='lat' dir='ltr'>fructum</span> <span class='ocrx_word' id='word_1_274' title='bbox 1099 2306 1122 2334; x_wconf 92' lang='lat' dir='ltr'>e</span> <span class='ocrx_word' id='word_1_275' title='bbox 1151 2294 1444 2334; x_wconf 88' lang='lat' dir='ltr'>concionibus</span> <span class='ocrx_word' id='word_1_276' title='bbox 1474 2295 1526 2335; x_wconf 85' lang='lat' dir='ltr'>R.</span> <span class='ocrx_word' id='word_1_277' title='bbox 1560 2295 1608 2334; x_wconf 91' lang='lat' dir='ltr'>P.</span> <span class='ocrx_word' id='word_1_278' title='bbox 1642 2294 1749 2334; x_wconf 91' lang='lat' dir='ltr'>Pro-</span> 
     </span>
     <span class='ocr_line' id='line_1_32' title="bbox 114 2360 1749 2412; baseline -0.001 -12"><span class='ocrx_word' id='word_1_279' title='bbox 114 2360 321 2401; x_wconf 87' lang='lat' dir='ltr'>uincialis</span> <span class='ocrx_word' id='word_1_280' title='bbox 351 2363 600 2412; x_wconf 85' lang='lat' dir='ltr'>reportasse</span> <span class='ocrx_word' id='word_1_281' title='bbox 629 2360 823 2408; x_wconf 84' lang='lat' dir='ltr'>uidetur,</span> <span class='ocrx_word' id='word_1_282' title='bbox 856 2363 906 2401; x_wconf 89' lang='lat' dir='ltr'>ut</span> <span class='ocrx_word' id='word_1_283' title='bbox 934 2372 1034 2400; x_wconf 90' lang='lat' dir='ltr'>cum</span> <span class='ocrx_word' id='word_1_284' title='bbox 1066 2360 1168 2412; x_wconf 87' lang='lat' dir='ltr'>alijs</span> <span class='ocrx_word' id='word_1_285' title='bbox 1198 2360 1245 2399; x_wconf 91' lang='lat' dir='ltr'>in</span> <span class='ocrx_word' id='word_1_286' title='bbox 1275 2360 1514 2400; x_wconf 88' lang='lat' dir='ltr'>Germania</span> <span class='ocrx_word' id='word_1_287' title='bbox 1547 2360 1749 2412; x_wconf 89' lang='lat' dir='ltr'>collegijs</span> 
     </span>
     <span class='ocr_line' id='line_1_33' title="bbox 111 2425 1750 2478; baseline -0.001 -12"><span class='ocrx_word' id='word_1_288' title='bbox 111 2426 294 2475; x_wconf 90' lang='lat' dir='ltr'>nostris,</span> <span class='ocrx_word' id='word_1_289' title='bbox 326 2429 420 2467; x_wconf 87' lang='lat' dir='ltr'>tum</span> <span class='ocrx_word' id='word_1_290' title='bbox 451 2426 556 2466; x_wconf 91' lang='lat' dir='ltr'>huic</span> <span class='ocrx_word' id='word_1_291' title='bbox 585 2427 793 2478; x_wconf 86' lang='lat' dir='ltr'>pragensi</span> <span class='ocrx_word' id='word_1_292' title='bbox 824 2428 971 2467; x_wconf 86' lang='lat' dir='ltr'>uestes</span> <span class='ocrx_word' id='word_1_293' title='bbox 996 2438 1160 2468; x_wconf 76' lang='lat' dir='ltr'>sacras,</span> <span class='ocrx_word' id='word_1_294' title='bbox 1192 2428 1233 2466; x_wconf 90' lang='lat' dir='ltr'>et</span> <span class='ocrx_word' id='word_1_295' title='bbox 1276 2426 1456 2477; x_wconf 91' lang='lat' dir='ltr'>quidem</span> <span class='ocrx_word' id='word_1_296' title='bbox 1491 2425 1750 2477; x_wconf 89' lang='lat' dir='ltr'>praeciosis-</span> 
     </span>
     <span class='ocr_line' id='line_1_34' title="bbox 111 2491 1750 2544; baseline -0.001 -12"><span class='ocrx_word' id='word_1_297' title='bbox 111 2491 264 2538; x_wconf 84' lang='lat' dir='ltr'>simas,</span> <span class='ocrx_word' id='word_1_298' title='bbox 296 2492 352 2532; x_wconf 93' lang='lat' dir='ltr'>ad</span> <span class='ocrx_word' id='word_1_299' title='bbox 383 2492 681 2544; x_wconf 85' lang='lat' dir='ltr'>peragendum</span> <span class='ocrx_word' id='word_1_300' title='bbox 714 2492 878 2532; x_wconf 90' lang='lat' dir='ltr'>missae</span> <span class='ocrx_word' id='word_1_301' title='bbox 907 2492 1175 2532; x_wconf 87' lang='lat' dir='ltr'>sacrificium</span> <span class='ocrx_word' id='word_1_302' title='bbox 1206 2494 1484 2543; x_wconf 89' lang='lat' dir='ltr'>comparatas</span> <span class='ocrx_word' id='word_1_303' title='bbox 1514 2503 1656 2543; x_wconf 91' lang='lat' dir='ltr'>nuper</span> <span class='ocrx_word' id='word_1_304' title='bbox 1684 2491 1750 2531; x_wconf 93' lang='lat' dir='ltr'>di-</span> 
     </span>
     <span class='ocr_line' id='line_1_35' title="bbox 111 2557 1750 2609; baseline 0 -12"><span class='ocrx_word' id='word_1_305' title='bbox 111 2557 293 2598; x_wconf 88' lang='lat' dir='ltr'>cauerit.</span> <span class='ocrx_word' id='word_1_306' title='bbox 326 2557 453 2598; x_wconf 79' lang='lat' dir='ltr'>Vnde</span> <span class='ocrx_word' id='word_1_307' title='bbox 482 2558 544 2606; x_wconf 86' lang='lat' dir='ltr'>fit,</span> <span class='ocrx_word' id='word_1_308' title='bbox 576 2560 623 2597; x_wconf 91' lang='lat' dir='ltr'>ut</span> <span class='ocrx_word' id='word_1_309' title='bbox 655 2558 987 2609; x_wconf 91' lang='lat' dir='ltr'>quantumlibet</span> <span class='ocrx_word' id='word_1_310' title='bbox 1022 2557 1207 2607; x_wconf 87' lang='lat' dir='ltr'>humile,</span> <span class='ocrx_word' id='word_1_311' title='bbox 1240 2559 1483 2605; x_wconf 90' lang='lat' dir='ltr'>uetustum,</span> <span class='ocrx_word' id='word_1_312' title='bbox 1516 2559 1558 2597; x_wconf 91' lang='lat' dir='ltr'>et</span> <span class='ocrx_word' id='word_1_313' title='bbox 1586 2558 1750 2609; x_wconf 89' lang='lat' dir='ltr'>collap-</span> 
     </span>
     <span class='ocr_line' id='line_1_36' title="bbox 112 2623 1749 2675; baseline 0 -12"><span class='ocrx_word' id='word_1_314' title='bbox 112 2635 210 2663; x_wconf 91' lang='lat' dir='ltr'>sum</span> <span class='ocrx_word' id='word_1_315' title='bbox 242 2623 300 2664; x_wconf 90' lang='lat' dir='ltr'>sit</span> <span class='ocrx_word' id='word_1_316' title='bbox 329 2623 560 2675; x_wconf 90' lang='lat' dir='ltr'>templum,</span> <span class='ocrx_word' id='word_1_317' title='bbox 592 2623 764 2663; x_wconf 91' lang='lat' dir='ltr'>decenti</span> <span class='ocrx_word' id='word_1_318' title='bbox 795 2626 959 2672; x_wconf 88' lang='lat' dir='ltr'>tamen,</span> <span class='ocrx_word' id='word_1_319' title='bbox 992 2623 1101 2674; x_wconf 89' lang='lat' dir='ltr'>quin</span> <span class='ocrx_word' id='word_1_320' title='bbox 1133 2623 1367 2674; x_wconf 89' lang='lat' dir='ltr'>splendido</span> <span class='ocrx_word' id='word_1_321' title='bbox 1397 2623 1557 2671; x_wconf 90' lang='lat' dir='ltr'>dicam,</span> <span class='ocrx_word' id='word_1_322' title='bbox 1588 2626 1749 2663; x_wconf 90' lang='lat' dir='ltr'>ornatu</span> 
     </span>
     <span class='ocr_line' id='line_1_37' title="bbox 113 2688 1748 2740; baseline 0 -11"><span class='ocrx_word' id='word_1_323' title='bbox 113 2701 203 2729; x_wconf 92' lang='lat' dir='ltr'>non</span> <span class='ocrx_word' id='word_1_324' title='bbox 233 2691 392 2729; x_wconf 88' lang='lat' dir='ltr'>careat.</span> <span class='ocrx_word' id='word_1_325' title='bbox 426 2689 610 2729; x_wconf 88' lang='lat' dir='ltr'>Accedit</span> <span class='ocrx_word' id='word_1_326' title='bbox 638 2689 726 2728; x_wconf 91' lang='lat' dir='ltr'>huc</span> <span class='ocrx_word' id='word_1_327' title='bbox 755 2701 918 2737; x_wconf 91' lang='lat' dir='ltr'>nouus,</span> <span class='ocrx_word' id='word_1_328' title='bbox 951 2689 1068 2740; x_wconf 88' lang='lat' dir='ltr'>pius,</span> <span class='ocrx_word' id='word_1_329' title='bbox 1101 2701 1150 2728; x_wconf 86' lang='lat' dir='ltr'>ac</span> <span class='ocrx_word' id='word_1_330' title='bbox 1186 2688 1416 2740; x_wconf 88' lang='lat' dir='ltr'>popularis</span> <span class='ocrx_word' id='word_1_331' title='bbox 1449 2689 1652 2728; x_wconf 89' lang='lat' dir='ltr'>tradendi</span> <span class='ocrx_word' id='word_1_332' title='bbox 1681 2701 1748 2729; x_wconf 91' lang='lat' dir='ltr'>ca-</span> 
     </span>
     <span class='ocr_line' id='line_1_38' title="bbox 113 2754 1750 2806; baseline -0.001 -12"><span class='ocrx_word' id='word_1_333' title='bbox 113 2754 318 2794; x_wconf 87' lang='lat' dir='ltr'>techismi</span> <span class='ocrx_word' id='word_1_334' title='bbox 348 2755 523 2803; x_wconf 83' lang='lat' dir='ltr'>modus,</span> <span class='ocrx_word' id='word_1_335' title='bbox 555 2766 644 2806; x_wconf 88' lang='lat' dir='ltr'>quo</span> <span class='ocrx_word' id='word_1_336' title='bbox 674 2766 765 2794; x_wconf 91' lang='lat' dir='ltr'>non</span> <span class='ocrx_word' id='word_1_337' title='bbox 796 2754 946 2794; x_wconf 90' lang='lat' dir='ltr'>minus</span> <span class='ocrx_word' id='word_1_338' title='bbox 980 2754 1233 2794; x_wconf 86' lang='lat' dir='ltr'>auditorum</span> <span class='ocrx_word' id='word_1_339' title='bbox 1279 2754 1472 2803; x_wconf 90' lang='lat' dir='ltr'>deuotio,</span> <span class='ocrx_word' id='word_1_340' title='bbox 1505 2765 1638 2804; x_wconf 87' lang='lat' dir='ltr'>quam</span> <span class='ocrx_word' id='word_1_341' title='bbox 1668 2765 1750 2794; x_wconf 92' lang='lat' dir='ltr'>nu-</span> 
     </span>
     <span class='ocr_line' id='line_1_39' title="bbox 113 2819 1750 2871; baseline 0 -12"><span class='ocrx_word' id='word_1_342' title='bbox 113 2831 262 2859; x_wconf 91' lang='lat' dir='ltr'>merus</span> <span class='ocrx_word' id='word_1_343' title='bbox 291 2819 486 2860; x_wconf 87' lang='lat' dir='ltr'>creuisse</span> <span class='ocrx_word' id='word_1_344' title='bbox 518 2820 708 2860; x_wconf 90' lang='lat' dir='ltr'>uidetur.</span> <span class='ocrx_word' id='word_1_345' title='bbox 744 2820 807 2859; x_wconf 88' lang='lat' dir='ltr'>Ac</span> <span class='ocrx_word' id='word_1_346' title='bbox 837 2832 926 2871; x_wconf 91' lang='lat' dir='ltr'>quo</span> <span class='ocrx_word' id='word_1_347' title='bbox 957 2820 1134 2861; x_wconf 89' lang='lat' dir='ltr'>rectius.</span> <span class='ocrx_word' id='word_1_348' title='bbox 1167 2820 1269 2871; x_wconf 92' lang='lat' dir='ltr'>quis</span> <span class='ocrx_word' id='word_1_349' title='bbox 1299 2819 1374 2859; x_wconf 91' lang='lat' dir='ltr'>ille</span> <span class='ocrx_word' id='word_1_350' title='bbox 1409 2819 1467 2858; x_wconf 90' lang='lat' dir='ltr'>sit</span> <span class='ocrx_word' id='word_1_351' title='bbox 1498 2819 1655 2859; x_wconf 88' lang='lat' dir='ltr'>modus</span> <span class='ocrx_word' id='word_1_352' title='bbox 1685 2819 1750 2859; x_wconf 92' lang='lat' dir='ltr'>in-</span> 
     </span>
     <span class='ocr_line' id='line_1_40' title="bbox 114 2884 1749 2937; baseline 0 -13"><span class='ocrx_word' id='word_1_353' title='bbox 114 2885 355 2936; x_wconf 88' lang='lat' dir='ltr'>telligatur,</span> <span class='ocrx_word' id='word_1_354' title='bbox 401 2885 640 2925; x_wconf 89' lang='lat' dir='ltr'>dominicis</span> <span class='ocrx_word' id='word_1_355' title='bbox 683 2885 857 2932; x_wconf 91' lang='lat' dir='ltr'>diebus,</span> <span class='ocrx_word' id='word_1_356' title='bbox 889 2887 1127 2937; x_wconf 89' lang='lat' dir='ltr'>postquam</span> <span class='ocrx_word' id='word_1_357' title='bbox 1172 2885 1219 2924; x_wconf 91' lang='lat' dir='ltr'>in</span> <span class='ocrx_word' id='word_1_358' title='bbox 1263 2884 1427 2935; x_wconf 90' lang='lat' dir='ltr'>templo</span> <span class='ocrx_word' id='word_1_359' title='bbox 1471 2884 1749 2935; x_wconf 90' lang='lat' dir='ltr'>vespertinae</span> 
     </span>
    </p>
   </div>
   <div class='ocr_carea' id='block_1_3' title="bbox 114 3025 1747 3123">
    <p class='ocr_par' dir='ltr' id='par_1_4' title="bbox 114 3025 1747 3123">
     <span class='ocr_line' id='line_1_41' title="bbox 176 3025 1747 3068; baseline 0.001 -9"><span class='ocrx_word' id='word_1_360' title='bbox 176 3028 185 3045; x_wconf 91' lang='lat'>¹</span> <span class='ocrx_word' id='word_1_361' title='bbox 209 3026 367 3059; x_wconf 87' lang='lat' dir='ltr'>Videtur</span> <span class='ocrx_word' id='word_1_362' title='bbox 403 3027 563 3059; x_wconf 88' lang='lat' dir='ltr'>indicari</span> <span class='ocrx_word' id='word_1_363' title='bbox 598 3025 735 3059; x_wconf 87' lang='lat' dir='ltr'>Ursula</span> <span class='ocrx_word' id='word_1_364' title='bbox 773 3027 817 3059; x_wconf 86' lang='lat' dir='ltr'>de</span> <span class='ocrx_word' id='word_1_365' title='bbox 851 3027 1121 3065; x_wconf 86' lang='lat' dir='ltr'>Lichtenstein,</span> <span class='ocrx_word' id='word_1_366' title='bbox 1172 3027 1319 3068; x_wconf 84' lang='lat' dir='ltr'>Georgii</span> <span class='ocrx_word' id='word_1_367' title='bbox 1358 3027 1513 3068; x_wconf 83' lang='lat' dir='ltr'>Fuggeri</span> <span class='ocrx_word' id='word_1_368' title='bbox 1548 3035 1655 3060; x_wconf 84' lang='lat' dir='ltr'>uxor.</span> <span class='ocrx_word' id='word_1_369' title='bbox 1694 3026 1747 3060; x_wconf 86' lang='lat' dir='ltr'>Cf.</span> 
     </span>
     <span class='ocr_line' id='line_1_42' title="bbox 114 3080 1166 3123; baseline 0.002 -11"><span class='ocrx_word' id='word_1_370' title='bbox 114 3080 431 3113; x_wconf 69' lang='lat' dir='ltr'><strong>BRAUNSBERGER:</strong></span> <span class='ocrx_word' id='word_1_371' title='bbox 457 3081 502 3114; x_wconf 87' lang='lat' dir='ltr'>B.</span> <span class='ocrx_word' id='word_1_372' title='bbox 527 3080 638 3113; x_wconf 82' lang='lat' dir='ltr'>Petri</span> <span class='ocrx_word' id='word_1_373' title='bbox 665 3080 824 3113; x_wconf 71' lang='lat' dir='ltr'>Canisii</span> <span class='ocrx_word' id='word_1_374' title='bbox 854 3081 980 3123; x_wconf 71' lang='lat' dir='ltr'>Epist.</span> <span class='ocrx_word' id='word_1_375' title='bbox 1006 3081 1068 3121; x_wconf 94' lang='lat' dir='ltr'>III,</span> <span class='ocrx_word' id='word_1_376' title='bbox 1093 3082 1166 3114; x_wconf 87' lang='lat'>653.</span> 
     </span>
    </p>
   </div>
  </div>
 </body>
</html>
