2028 3531
557 285 636 319 468.
666 304 706 309 -
735 284 916 320 COLONIA
950 282 991 317 10
1018 282 1212 317 IANUARH
1244 282 1327 316 1561
1666 283 1705 317 51

124 405 185 444 De
214 403 532 454 duisburgensi
567 402 855 442 vniuersitate
885 401 1018 441 etiam
1049 412 1169 440 nunc
1198 402 1369 440 tacetur
1395 402 1431 447 1;
1466 400 1761 450 intelligimus

124 468 335 509 intestina
364 480 547 508 suorum
578 467 858 507 dissensione
891 465 1106 518 paulatim
1151 477 1247 505 eam
1291 465 1536 504 concidere.
1570 464 1762 504 Confidi-

125 545 221 573 mus
253 534 444 573 Domino
479 533 655 573 irritum
700 532 828 572 illum
858 534 1069 572 conatum
1101 533 1317 575 futurum,
1350 530 1758 580 adolescentesque,

121 611 172 638 eo
202 599 437 650 gymnasio
468 598 636 640 relicto.
661 597 804 637 ituros
834 597 1079 638 Treuerim.
1105 596 1381 648 Moguntiam
1413 594 1661 642 Coloniam,
1685 596 1762 633 aut

122 664 451 703 Andernacum.
485 663 607 713 Quae
637 663 690 703 de
720 663 816 702 suis
851 662 1121 702 lectionibus
1160 661 1423 701 aediderunt
1466 663 1759 706 treuerenses,

125 729 491 780 Dusseldorpium
539 728 774 768 misimus:
808 740 890 768 suo
922 727 1039 767 malo
1069 727 1462 777 duiseldorpenses
1500 726 1672 765 discent
1716 724 1762 764 in

124 794 267 834 medio
297 794 617 834 catholicorum
652 805 741 833 non
781 805 878 833 esse
921 792 1243 833 aedificandam
1279 792 1479 832 scholam
1523 790 1763 830 haeretico-

122 871 234 899 rum.
270 860 361 899 Has
405 859 599 899 ditiones
629 862 671 898 et
700 859 809 898 haec
852 858 1042 909 collegia
1085 860 1218 909 atque
1262 869 1344 897 nos
1378 869 1533 896 omnes
1564 856 1615 896 R.
1642 856 1688 895 P.
1713 855 1761 896 T.

121 927 162 964 et
191 925 383 965 aliorum
414 924 582 964 sanctis
620 921 854 975 sacrificijs
887 926 929 963 et
975 923 1181 975 precibus
1224 922 1602 963 commendamus.
1634 920 1762 961 Colo-

123 990 222 1030 niae
256 991 340 1029 llll
372 990 474 1030 idus
506 990 701 1041 Ianuarij
736 990 917 1029 MDLXI
950 1001 1069 1029 anno
1093 997 1125 1029 ἃ.

232 1057 279 1095 Η.
314 1057 361 1096 P.
395 1056 444 1096 T.
477 1056 692 1108 indignus
722 1056 843 1095 tilius

1160 1146 1360 1184 JOANNES
1394 1145 1593 1183 Rmfflrs
1623 1146 1652 1183 ².

228 1272 291 1311 Ex
322 1272 638 1312 commissione
670 1272 721 1311 R.
758 1272 803 1311 Ρ.
840 1271 1074 1311 [leonardi.

182 1442 198 1458 a
226 1431 332 1472 Quae
357 1434 584 1473 sequemtm·
607 1434 702 1463 sunt
725 1432 993 1473 ‹tutoffl·(1pltct.

183 1585 191 1601 ¹
217 1582 339 1614 Huius
364 1582 627 1614 universitatis
650 1582 823 1614 fundatio
847 1584 929 1623 post
956 1582 1087 1623 longas
1111 1591 1194 1613 cum
1219 1590 1372 1613 romana
1396 1581 1501 1612 curia
1518 1580 1763 1611 tractationes

120 1637 159 1668 in
193 1637 296 1668 aliud
330 1637 477 1677 tempus
512 1636 629 1668 dilata
663 1637 731 1668 est.
758 1636 809 1669 Cf.
836 1636 1001 1669 HAxsim.
1027 1636 1049 1668 1.
1074 1645 1103 1667 c.
1128 1636 1201 1675 349,
1227 1636 1299 1667 371.
1327 1635 1377 1667 De
1403 1634 1470 1666 hac
1503 1643 1540 1666 re
1576 1633 1764 1666 scribebat

120 1690 219 1723 Stus.
245 1689 399 1723 Carolus
422 1690 657 1729 Borromeus,
681 1690 741 1722 die
775 1690 815 1722 93
849 1690 972 1722 Martii
1009 1690 1099 1722 anni
1136 1690 1227 1727 1561,
1253 1689 1300 1720 ad
1335 1688 1494 1721 Hosium
1521 1687 1761 1725 cardinalem,

119 1744 183 1785 qui
208 1744 247 1775 in
271 1743 376 1775 curia
400 1743 636 1784 imperatoris
660 1743 900 1776 versabatur:
930 1756 944 1771 «
963 1743 1124 1775 Petierat
1149 1752 1171 1775 a
1194 1742 1283 1775 S.mo
1308 1743 1393 1775 D.n0
1417 1742 1459 1774 N.
1478 1742 1553 1773 dux
1571 1741 1763 1773 Clevensis

119 1797 334 1830 facultatem
358 1797 556 1839 erigendae
580 1797 793 1830 academiae
818 1798 856 1829 in
881 1797 1017 1839 oppido
1041 1797 1251 1838 Diusberga
1274 1797 1432 1829 ditionis
1456 1805 1558 1833 suae,
1576 1804 1688 1837 quam
1714 1795 1764 1826 fa-

117 1852 294 1884 cultatem
329 1851 419 1883 stas
443 1851 538 1887 eius,
564 1860 630 1892 pro
665 1860 733 1883 suo
768 1852 948 1892 perpetuo
982 1851 1169 1883 desiderio
1200 1850 1412 1883 demerendi
1437 1859 1565 1881 omnes
1600 1858 1662 1881 eos
1696 1849 1762 1890 qui

119 1906 379 1946 imperatorem
404 1904 590 1937 affinitate
613 1905 840 1946 contingunt
864 1905 1192 1946 (quemadmodum
1228 1905 1289 1936 hic
1324 1904 1400 1936 dux
1433 1905 1498 1945 qui
1533 1904 1616 1936 eius
1651 1912 1764 1944 gener

118 1959 202 1997 est),
228 1958 428 1990 concedere
452 1967 543 1990 sane
566 1958 727 1991 libenter
750 1959 932 1995 instituit,
959 1958 1158 2000 hullaeque
1182 1958 1226 1991 de
1249 1967 1293 1990 ea
1316 1967 1355 1990 re
1378 1957 1574 1999 expeditae
1597 1956 1761 1994 fuerunt;

119 2012 182 2044 sed
206 2021 289 2044 cum
314 2012 448 2044 deinde
472 2012 602 2044 multis
626 2021 716 2044 sane
740 2021 784 2044 ex
809 2012 982 2053 partibus
1006 2014 1042 2044 et
1068 2012 1286 2054 regionibus
1309 2012 1526 2053 cognoverit
1549 2011 1639 2044 sias
1664 2010 1699 2043 S.
1726 2009 1762 2041 id

119 2065 296 2106 oppidum
322 2065 553 2107 Diusbergae
577 2066 713 2098 asilum
737 2066 925 2107 quoddam
949 2075 1031 2098 esse
1055 2066 1341 2105 haereticorum,
1367 2066 1480 2106 atque
1504 2074 1549 2097 ex
1573 2065 1643 2097 hac
1667 2064 1762 2096 inibi

118 2119 304 2151 erectione
320 2119 534 2151 academiae
551 2129 727 2161 magnum
745 2120 829 2152 fidei
849 2119 1058 2152 catholicae
1075 2120 1252 2152 damnum
1268 2128 1378 2161 posse
1395 2119 1592 2161 proficisci,
1608 2118 1763 2160 proinde

118 2182 198 2204 eam
222 2173 437 2205 facultatem
462 2182 574 2214 quam
598 2173 750 2205 dederat
774 2175 830 2206 est
854 2174 983 2206 coacta
1001 2182 1184 2206 revocare.
1203 2182 1317 2214 quam
1334 2173 1607 2205 revocationem
1632 2181 1677 2204 ne
1701 2172 1763 2204 ille

117 2227 193 2258 dux
217 2236 326 2267 aegre
349 2227 454 2266 ferat,
481 2227 611 2259 s‘·ribit
636 2227 682 2259 ad
707 2237 791 2259 eum
816 2227 925 2259 breve
948 2228 1047 2269 quod
1072 2227 1133 2259 his
1156 2227 1295 2259 litteris
1319 2228 1489 2259 iunctum
1506 2228 1575 2266 est,
1594 2226 1763 2267 mihique

119 2280 285 2312 iniunxit
310 2281 353 2312 ut
376 2280 468 2312 illud
493 2290 577 2313 cum
601 2281 683 2313 eius
707 2281 874 2322 exemplo
909 2281 948 2313 in
984 2290 1117 2313 manus
1152 2281 1313 2313 Rev.mae
1338 2281 1433 2313 D.ni-<
1464 2281 1504 2313 T.
1536 2281 1694 2313 mittam.
1721 2281 1763 2312 ut

118 2343 160 2365 eo
184 2333 264 2365 viso
288 2334 563 2367 communicare
587 2344 669 2366 cum
695 2334 918 2376 imperatore
942 2344 1017 2367 rem
1042 2335 1174 2376 possit,
1200 2336 1314 2376 atque
1348 2335 1394 2367 ab
1429 2344 1471 2367 eo
1506 2335 1696 2376 postulare
1723 2335 1762 2365 ut

121 2387 206 2419 huic
241 2387 344 2419 brevi
379 2387 584 2429 adiungere
618 2388 708 2420 velit
743 2397 831 2420 suas
867 2388 1012 2420 litteras
1031 2402 1045 2416 »
1072 2388 1180 2430 Apud
1205 2388 1239 2421 S.
1266 2388 1493 2422 smefflnzz:
1522 2388 1763 2420 Numnam·-

118 2440 288 2473 berlchte
312 2450 389 2473 aas
413 2440 687 2473 Deum-Mam]
714 2461 753 2464 —-
777 2442 913 2474 Zweite
948 2442 1181 2484 Abtheilung
1218 2443 1395 2475 1560-1572
1417 2462 1456 2465 -κ
1484 2443 1609 2474 Erster
1647 2442 1759 2478 Hand,

117 2494 267 2526 :ma-⁰234.

180 2550 191 2566 ²¹
215 2547 266 2580 Cf.
293 2548 388 2581 Lm.
418 2547 640 2588 Quadrim..
669 2549 708 2582 V.
734 2550 807 2582 22:37.
