2028 3531
493 301 574 338 584.
600 323 646 327 ——
672 302 892 338 TYRNAle
918 301 965 337 30
990 300 1246 336 SEPTEMBms
1274 300 1361 335 1561
1633 301 1698 337 581

114 422 413 463 contulerunt.
445 421 590 473 Agros
618 422 766 469 habet,
802 420 879 473 qui
910 420 947 460 si
977 432 1004 459 a
1033 419 1164 459 nobis
1211 419 1427 467 colentur,
1478 419 1749 460 frumentum

113 487 195 528 toti
225 486 413 538 collegio
443 486 554 526 forte
584 487 869 538 suppeditare
903 486 1098 537 possent.
1151 483 1364 536 Coeptum
1412 486 1479 524 est
1526 485 1749 525 aedificari

113 551 351 603 collegium
381 551 435 591 ad
468 552 517 591 15
545 552 716 592 calend.
767 551 1006 603 Septemb,
1057 561 1136 601 pro
1183 549 1312 589 cuius
1351 549 1497 589 foelici
1529 549 1750 600 principio

115 617 241 658 R.¹¹[¹⁰S
270 616 633 668 archiepiscopus
662 619 839 657 centum
869 616 1045 656 daleros
1074 615 1343 655 numerauit.
1387 614 1512 654 R.111¹¹S
1543 614 1752 666 Transyl-

114 682 286 724 uiensis
314 690 332 709 a
364 683 496 734 paulo
544 685 644 734 post
672 683 786 722 alios
833 681 1131 734 quadraginta
1178 680 1374 732 amplius
1419 680 1662 731 pollicitus.
1700 680 1753 720 Et

114 760 197 788 nos
225 760 279 788 ex
308 748 557 788 redditibus
587 748 768 795 nostris,
800 748 876 800 qui
907 747 1214 798 septingentos
1252 745 1428 786 daleros
1476 757 1652 786 annuos
1681 757 1752 785 ex-

112 814 265 854 cedere
295 815 496 864 possunt,
529 813 725 865 aliquam
761 825 981 853 summam
1029 811 1336 863 expendimus.
1388 810 1651 851 Subsidium
1682 811 1752 850 in-

113 890 248 930 super
275 890 376 918 cum
406 881 589 918 senatus
619 879 831 921 ciuitatis.
864 880 956 918 turn
988 877 1064 929 alij
1097 877 1232 917 duces
1261 879 1303 916 et
1332 876 1516 916 comites
1564 876 1751 916 nobilis-

114 944 232 991 simi,
281 943 357 995 qui
406 943 452 983 in
500 944 716 995 proximis
764 944 873 984 locis
920 943 1141 991 habitant,
1188 942 1432 982 liberaliter
1462 941 1750 993 promittunt3

114 1009 345 1061 literisque
375 1008 472 1049 R.¹¹¹i
500 1009 556 1048 ad
586 1009 670 1049 hoc
700 1009 871 1049 incitati
901 1010 1030 1048 sunt:
1064 1008 1136 1048 his
1168 1007 1379 1047 omnibus
1409 1007 1578 1047 accedit
1607 1019 1754 1047 caesa-

115 1074 246 1127 rea[e]
296 1075 351 1116 M.
399 1074 645 1126 singularis
674 1087 724 1115 ac
758 1075 913 1114 diuina
963 1086 1097 1125 prope
1144 1085 1249 1125 erga
1297 1085 1379 1113 nos
1426 1075 1469 1113 et
1515 1073 1751 1125 collegium

115 1142 317 1180 nostrum
349 1140 600 1192 propensio.
636 1141 678 1180 Is
707 1140 833 1180 nullo
865 1140 994 1180 modo
1025 1140 1282 1179 defuturum
1330 1151 1377 1178 se
1424 1138 1530 1179 huic
1564 1138 1754 1191 collegio

115 1205 256 1245 multo
285 1208 388 1244 ante
418 1205 596 1256 recepit,
641 1207 774 1256 atque
808 1205 973 1244 obtulit
993 1204 1026 1250 b,
1059 1216 1201 1256 neque
1231 1206 1374 1243 cessat
1403 1206 1587 1244 senatus
1616 1203 1752 1244 simul

114 1273 157 1310 et
185 1270 371 1321 capituli
401 1283 484 1310 nos
514 1270 773 1310 liberalitati
803 1270 1128 1310 commendare.
1153 1269 1259 1309 Tres
1281 1281 1467 1309 numero
1489 1269 1562 1309 hic
1577 1281 1750 1318 sumus,

116 1336 167 1376 R.
202 1336 248 1375 P.
280 1335 476 1376 ,loannes
505 1335 649 1376 Seidel
697 1347 797 1375 cum
846 1347 950 1375 coco
989 1338 1030 1375 et
1061 1347 1147 1375 vno
1178 1336 1311 1374 tratre
1341 1337 1369 1374 1.
1404 1335 1447 1374 Is
1476 1342 1491 1360 ⁰
1525 1336 1756 1385 praesente

114 1401 262 1441 adhuc
291 1401 342 1441 R.
377 1401 424 1441 P.
458 1401 653 1440 Victoria
684 1401 730 1440 in
760 1401 925 1452 templo
955 1400 1209 1451 germanico
1229 1399 1474 1440 cathedrali
1496 1399 1755 1440 concionem

116 1467 243 1506 iussu
274 1466 367 1507 RJni
396 1467 538 1507 facere
567 1467 735 1518 coepit;
768 1478 901 1518 quarn
933 1466 1141 1517 deinceps
1162 1478 1261 1505 cum
1284 1466 1423 1505 altero
1440 1477 1753 1517 germanorum

115 1531 428 1572 concionatore
462 1531 715 1571 alternatim
749 1544 908 1583 magna
930 1531 1164 1571 hominum
1187 1530 1435 1582 frequentia
1456 1531 1756 1581 prosequutus

114 1599 195 1637 est.
232 1597 354 1637 R.m¹¹S
384 1599 623 1648 antequam
645 1610 670 1637 a
690 1609 895 1637 caesarea
926 1597 981 1636 M.
1015 1598 1326 1644 accerseretur,
1349 1595 1643 1636 concionibus
1658 1594 1757 1635 eius

116 1662 313 1702 assiduis
342 1662 560 1710 interfuit,
592 1663 721 1702 cuius
770 1662 930 1702 iuditio
979 1674 1185 1713 magnam
1218 1662 1394 1701 laudem
1426 1661 1623 1701 Societas
1653 1672 1755 1700 con-

116 1730 267 1768 secuta
297 1730 385 1772 est:
419 1730 607 1768 testatus
636 1728 756 1767 enim
786 1730 853 1767 est
883 1728 929 1767 in
959 1729 1052 1767 tota
1081 1727 1250 1767 ditione
1281 1739 1377 1774 sua,
1409 1726 1485 1778 qui
1519 1728 1608 1766 tam
1630 1726 1757 1766 docte

117 1793 471 1840 concionaretur,
505 1793 687 1844 reperiri
718 1793 957 1833 neminem.
995 1793 1255 1833 Nostrorum
1288 1793 1419 1832 etiam
1444 1791 1616 1831 monitu
1638 1791 1755 1831 idem

119 1859 244 1898 R.1¹1¹¹³
276 1858 521 1898 haereticos
551 1858 705 1906 libros,
738 1859 815 1910 qui
846 1861 935 1898 tam
967 1858 1013 1898 in
1035 1858 1188 1898 schola
1209 1870 1342 1909 quam
1365 1857 1474 1897 alibi
1496 1868 1756 1897 communes

117 1926 236 1971 sunt,
265 1924 312 1963 in
332 1924 480 1976 ignem
504 1924 618 1963 mitti
641 1924 902 1975 imperauit:
928 1936 1117 1975 magnus
1138 1936 1290 1963 eorum
1314 1935 1542 1972 numerus,
1565 1922 1757 1962 maxime

116 2001 217 2030 cum
248 1989 486 2040 Philippus
515 1989 774 2029 Melanthon
824 1989 1049 2029 iuuentuti
1085 1989 1393 2033 scholasticae,
1444 1988 1622 2027 nemine
1651 1987 1759 2027 resi-

117 2057 274 2103 stente,
306 2054 646 2106 praelegeretur.
681 2055 840 2094 Rector
860 2057 967 2095 tunc
987 2054 1166 2094 scholae
1187 2054 1448 2094 dilationem
1470 2053 1599 2105 petth
1619 2053 1759 2092 donec

117 2120 207 2160 alia
235 2120 532 2160 adueheretur
561 2120 865 2171 grammatica,
898 2121 974 2160 sed
1006 2132 1095 2160 non
1125 2119 1335 2159 obtinuit.
1387 2119 1578 2159 Senatus
1619 2130 1759 2170 popu-

119 2186 278 2238 lusque
308 2185 509 2237 reliquus
540 2186 732 2226 multum
762 2186 818 2238 ijs
848 2186 1141 2226 concionibus
1189 2186 1397 2225 affectus:
1437 2184 1563 2224 testis
1592 2185 1658 2224 est
1688 2184 1760 2223 be-

118 2251 376 2292 neuolentia
405 2263 538 2302 quam
571 2263 659 2291 non
690 2252 878 2291 obscure
926 2251 1058 2291 nobis
1105 2251 1340 2298 exhibent;
1373 2250 1499 2290 testis
1529 2251 1595 2289 est
1624 2248 1757 2289 etiam

119 2319 429 2365 mercatorum,
452 2316 528 2368 qui
551 2316 760 2368 quamuis
781 2329 834 2357 ex
854 2317 1065 2357 omnibus
1086 2317 1201 2356 circa
1228 2316 1478 2355 iacentibus
1500 2314 1759 2367 regionibus

118 2381 175 2422 ad
204 2381 432 2422 nundinas
461 2382 782 2429 confluxerant,
814 2382 1092 2434 approbatio.
1140 2382 1265 2421 Vnus
1304 2381 1423 2421 enim
1453 2393 1506 2420 ex
1536 2380 1628 2420 illis
1657 2391 1758 2420 cum

118 2459 172 2487 ex
202 2447 344 2498 patria
375 2448 421 2488 P.
452 2447 599 2488 Seidel
628 2450 758 2495 esset,
805 2448 1159 2499 quadringentos
1207 2447 1370 2486 taleros
1418 2458 1593 2486 annuos
1641 2445 1758 2485 idem

119 2513 325 2565 promisit
354 2513 391 2553 si
423 2513 604 2553 domum
636 2513 778 2553 redire
809 2514 953 2554 vellet.
988 2514 1114 2553 Alter
1152 2512 1532 2564 norimbergensis
1580 2511 1760 2552 nullum

119 2590 165 2618 se
194 2578 328 2618 talem
359 2579 428 2618 vel
459 2591 609 2630 regum
642 2580 1017 2627 concionatorem,
1051 2580 1119 2619 vel
1150 2579 1281 2619 etiam
1328 2578 1613 2624 monachum,
1645 2589 1761 2628 quos

121 2644 269 2695 plures
299 2644 516 2692 audierat,
549 2645 822 2685 intellexisse
842 2645 876 2685 d.
909 2645 1087 2685 Vtinam
1121 2645 1235 2685 sicut
1265 2644 1484 2685 haeresim
1505 2646 1547 2684 et
1567 2655 1759 2684 errorem

122 2709 342 2750 mercibus
389 2710 773 2758 circumtulerunt,
824 2710 885 2750 ita
933 2722 1053 2750 nunc
1100 2711 1247 2750 denuo
1288 2710 1515 2750 veritatem
1565 2709 1761 2749 vendant

181 2848 199 2867 a
219 2840 269 2872 In
294 2849 421 2881 mar-9.
447 2850 572 2872 manu
595 2841 639 2873 P.
669 2841 799 2873 Hermi
830 2841 1199 2882 Transyluaniensis
1225 2859 1264 2863 —-
1289 2840 1306 2867 b
1328 2840 1395 2873 Sic
1426 2849 1498 2872 ms.
1533 2840 1670 2881 Supra
1703 2848 1758 2872 re-

119 2893 218 2934 cepit
242 2895 370 2925 tamen
395 2895 452 2926 est
477 2894 581 2934 sign.
606 2894 642 2933 Q
669 2896 703 2926 et
731 2904 856 2936 supra
882 2895 1020 2927 obtulit
1045 2896 1078 2931 1;
1105 2894 1274 2935 fortasse
1303 2895 1342 2925 ut
1379 2894 1458 2925 Ioco
1491 2894 1756 2926 mutarentur.

119 2965 158 2968 —
183 2955 198 2973 c
218 2946 303 2988 Seq.
329 2946 367 2979 P.
393 2947 465 2980 del.
491 2966 531 2970 —
554 2947 571 2973 d
593 2947 831 2980 Desiderari
854 2948 1015 2981 videtur
1038 2947 1256 2986 affirmabat,
1282 2949 1353 2979 aut
1375 2947 1475 2988 quid
1497 2946 1640 2979 simile.

182 3067 192 3085 ¹
216 3065 318 3106 Quae
341 3066 386 3099 de
408 3067 649 3099 contionibus
687 3067 792 3107 dicit,
817 3067 864 3100 ad
898 3067 935 3100 P.
961 3067 1084 3100 Seidel
1117 3067 1309 3100 referenda
1342 3067 1443 3099 sunt.
1481 3066 1575 3100 Vide
1611 3066 1758 3099 Lainii

120 3118 295 3153 Monam.
320 3119 363 3160 V,
387 3120 460 3153 554.
