2028 3531
479 264 560 301 570.
588 285 632 289 —
658 263 901 299 VINDOBONA
929 263 946 298 1
976 261 1234 297 SEPTEMBffls
1261 260 1348 296 1561
1618 258 1687 295 503

100 398 155 426 ex
197 396 340 436 aequo
383 382 708 424 distribuendo.
743 383 1013 427 perstamus,
1045 380 1136 419 Deo
1179 379 1294 426 laus,
1326 390 1376 418 ea
1420 378 1466 417 in
1510 389 1555 417 re
1598 376 1734 416 alacri

101 450 276 496 animm
310 461 390 489 nec
411 451 477 489 est
496 460 603 488 sane
636 448 767 495 vllus,
799 446 917 498 quod
939 445 1092 493 sciam,
1115 444 1192 496 qui
1223 456 1313 483 non
1343 443 1532 483 libenter
1561 444 1736 492 tempus

101 528 128 556 a
157 516 209 556 R.
244 516 290 556 P.
324 515 373 555 T.
406 514 537 554 nobis
566 514 649 553 hac
679 513 725 552 in
755 525 800 552 re
830 511 1152 563 praescriptum
1182 510 1229 549 in
1259 508 1439 560 longius
1468 508 1615 547 adhuc
1644 518 1737 558 pro-

101 581 219 621 trahi
260 582 497 632 pateretur,
529 579 568 619 si
599 578 644 618 id
674 579 735 618 ita
769 577 863 618 fieri
902 576 1144 616 necessitas
1182 574 1333 626 aliqua
1376 585 1482 613 casu
1526 572 1733 624 exigeret.

100 646 362 696 Sequuntur
391 644 579 696 vestigia
609 646 763 683 nostra
792 643 875 682 hac
904 641 950 681 in
982 643 1118 692 parte,
1151 652 1176 680 a
1205 640 1337 689 longe
1366 639 1561 690 quidem,
1589 639 1629 677 et
1651 637 1738 677 col-

102 710 255 761 legiati
285 709 393 749 noui
423 709 596 760 collegi]
625 711 667 748 et
686 708 988 753 conuictores;
1020 708 1200 757 tyrones
1231 716 1333 744 vero
1363 703 1506 743 nostri
1535 702 1734 753 propius.

182 775 248 815 025.
283 774 498 815 Consulto
528 774 758 826 desyderia
779 772 1060 825 quorundam
1082 783 1187 822 erga
1208 769 1519 810 meditationes
1544 770 1735 814 nostras,

102 841 270 892 quibus
299 853 323 880 a
353 840 485 880 nobis
515 840 706 879 exerceri
735 846 754 865 a
790 839 1011 890 petebant,
1043 836 1224 876 silentio
1270 846 1389 875 nunc
1432 833 1644 885 temporis
1674 832 1740 872 in-

105 906 365 947 uoluuntur.

183 971 248 1011 ⁹26.
282 971 537 1023 Composita
568 983 672 1022 pace
701 971 817 1010 inter
845 969 957 1009 duas
978 968 1190 1007 honestas
1212 967 1454 1011 matronas,
1477 976 1590 1016 quae
1611 963 1738 1015 graui

102 1037 293 1077 dissidio
340 1037 602 1088 aliquandiu
653 1035 843 1075 inuicem
893 1035 1165 1081 exarserant,
1214 1032 1261 1071 id
1289 1042 1447 1071 sumus
1475 1028 1740 1080 consequuti

104 1103 250 1155 gratia
278 1102 450 1151 diuina,
482 1104 529 1142 ut
561 1104 720 1142 octauo
749 1111 927 1152 quoque
956 1099 1027 1138 die
1056 1098 1143 1138 iam
1175 1109 1285 1149 pure
1314 1097 1367 1136 de
1415 1095 1606 1147 peccatis
1636 1106 1741 1134 con-

105 1169 330 1217 fiteantur,
362 1180 412 1208 ac
441 1168 497 1207 ad
526 1179 698 1208 sacram
729 1177 924 1205 mensam
957 1164 1136 1204 Domini
1168 1162 1425 1203 accedentes
1460 1162 1738 1201 roborentur.

185 1235 250 1274 027.
286 1234 537 1274 inciderant
566 1233 778 1284 primates
799 1231 982 1282 quidam
1004 1230 1051 1269 in
1072 1227 1498 1280 periculosissimam
1515 1225 1741 1277 quandam

105 1300 360 1340 animorum
389 1299 735 1346 contentionem,
767 1297 870 1336 odio
899 1296 1091 1347 quodam
1142 1295 1319 1346 plenam
1349 1295 1481 1344 atque
1512 1292 1669 1339 liuore,
1701 1293 1743 1330 et

105 1377 192 1417 que
221 1365 355 1416 longo
384 1367 581 1416 tempore
610 1363 904 1415 pluribusque
924 1360 1252 1406 occasionibus,
1276 1371 1351 1399 eas
1372 1358 1533 1398 iecerat
1554 1356 1740 1403 radices,

107 1433 157 1471 ut
177 1431 460 1481 desperatum
489 1432 604 1469 esset
635 1430 724 1468 fere
753 1428 806 1468 de
836 1439 989 1467 eorum
1020 1425 1375 1466 recontiliatione
1406 1422 1515 1476 [sic]
1540 1423 1592 1462 Et
1625 1422 1744 1461 vide-

108 1497 272 1537 bantur
300 1496 523 1548 siquidem
553 1507 712 1547 graues
742 1494 852 1534 satis
883 1493 1153 1533 intercedere
1182 1502 1358 1538 causae,
1407 1502 1485 1530 cur
1528 1488 1648 1540 apud
1677 1500 1745 1528 sa-

108 1562 281 1614 pientes
310 1562 459 1611 hocce,
491 1562 545 1601 de
574 1573 634 1610 re,
667 1562 781 1601 esset
821 1559 1053 1600 iudicium.
1104 1557 1279 1597 Placuit
1326 1559 1473 1596 tamen
1522 1554 1744 1594 maiestati

107 1629 306 1677 diuinae,
338 1631 387 1668 ut
415 1628 598 1680 quidam
628 1640 651 1667 e
681 1626 847 1666 nostris
878 1625 1109 1676 Vtriusque
1138 1625 1287 1663 motus
1316 1623 1491 1662 animae
1522 1621 1643 1661 facili
1673 1633 1746 1660 ne—

108 1695 230 1746 gotio
260 1696 537 1745 temperaret,
569 1705 619 1733 ac
648 1692 705 1732 ad
734 1693 931 1743 optatam
960 1689 1245 1731 concordiam
1275 1689 1515 1728 reduceret.

187 1760 253 1800 28.
287 1759 492 1800 Carceres
521 1770 642 1798 more
671 1758 804 1798 solito
852 1768 902 1796 ac
940 1755 1219 1796 xenodochia
1267 1755 1479 1794 uisuntur
1508 1766 1534 1793 a
1563 1752 1744 1800 nostris,

110 1826 405 1877 pluribusque
434 1824 580 1864 modis
610 1823 838 1864 iuuantur.
872 1821 1170 1872 Quamobrem
1201 1822 1247 1860 ut
1278 1821 1383 1860 sunt
1417 1818 1581 1870 oppido
1611 1829 1746 1869 quani

108 1893 236 1942 grata
256 1890 466 1929 omnibus
496 1890 750 1929 nostrorum
781 1887 976 1927 istehaec
998 1885 1091 1938 [sic]
1114 1885 1276 1932 officia,
1300 1885 1363 1924 ita
1385 1885 1431 1924 in
1453 1895 1550 1923 eam
1570 1894 1747 1934 quoque

109 1968 235 2008 spem
265 1957 486 1996 uenerunt
528 1954 777 1995 afflictatim
820 1953 887 1993 illi
932 1952 1098 2000 miseri,
1147 1953 1211 2000 ut,
1245 1951 1420 1991 tametsi
1451 1951 1507 1989 ab
1537 1948 1749 1989 omnibus

103 2022 472 2069 destituerentur,
504 2033 594 2060 non
624 2020 829 2060 dubitent
857 2021 1022 2064 tamen,
1054 2017 1165 2069 quin
1195 2017 1403 2056 maximis
1433 2016 1480 2055 in
1510 2015 1606 2055 suis
1635 2014 1750 2054 cala-

110 2088 345 2128 mitatibus
374 2087 465 2127 sint
494 2086 614 2138 apud
647 2087 825 2125 nostros
871 2084 1053 2124 alteram
1105 2082 1264 2134 refugij
1316 2084 1484 2133 petram
1533 2079 1747 2120 habituri.

112 2153 241 2204 Quod
271 2153 348 2193 ubi
377 2154 596 2192 tentatum
626 2154 692 2191 est
721 2151 777 2190 ab
807 2150 899 2190 illis
930 2149 1073 2195 facile,
1107 2160 1196 2188 non
1226 2159 1323 2188 esse
1352 2159 1431 2187 cur
1468 2146 1674 2186 dubitent
1703 2144 1750 2184 in

112 2217 423 2259 huiuscemodi
466 2216 650 2268 auxilijs
692 2228 815 2268 spem
850 2215 1091 2267 quamdam
1139 2225 1236 2254 esse
1283 2212 1605 2258 collocandam,
1655 2212 1748 2250 tum

111 2284 233 2336 quod
262 2283 606 2336 propensionem
635 2282 775 2322 animi
805 2283 1061 2321 nostrorum
1091 2280 1148 2319 ad
1176 2279 1252 2330 pia
1280 2279 1389 2318 haec
1409 2277 1751 2318 exercitamenta

109 2361 267 2389 omnes
297 2350 535 2395 nouerunt,
566 2350 660 2387 tum
691 2347 898 2394 maxime,
930 2345 1051 2397 quod
1080 2345 1301 2385 neminem
1334 2344 1483 2391 lateat,
1506 2354 1641 2394 quam
1662 2341 1752 2381 sint

116 2415 382 2466 primatibus
412 2413 623 2453 omnibus
652 2412 945 2458 secularibus,
977 2410 1292 2451 ecclesiasticis
1325 2411 1458 2461 atque
1501 2408 1610 2448 adeo
1650 2406 1753 2447 Cae-

112 2480 205 2520 sari
235 2479 417 2520 domino
459 2481 613 2519 nostro
660 2477 1024 2524 clementissimo,
1075 2476 1166 2528 regi
1216 2475 1484 2527 reginaeque
1514 2472 1754 2513 Bohemiae

113 2545 416 2586 serenissimis
446 2545 574 2597 grati.
608 2544 724 2584 Hinc
754 2555 909 2594 nuper,
942 2545 1183 2594 antequam
1213 2543 1355 2581 rector
1383 2542 1534 2580 noster
1562 2539 1609 2578 in
1630 2538 1754 2578 Hun-

107 2611 287 2663 *gariam
318 2610 617 2657 descenderet,
650 2610 815 2649 factum
844 2610 925 2656 est,
957 2610 1007 2648 ut
1036 2607 1108 2647 uir
1136 2606 1334 2659 quidam,
1384 2605 1514 2645 cuius
1558 2615 1669 2644 uxor
1697 2603 1754 2642 ob

115 2688 254 2729 graue
282 2676 507 2728 quoddam
537 2674 749 2715 delictum
778 2673 909 2724 aquis
939 2675 1032 2713 erat
1061 2671 1337 2719 suffocanda,
1360 2682 1461 2710 cum
1483 2682 1509 2709 a
1528 2667 1755 2720 primariis

116 2742 373 2793 quibusque
402 2741 449 2780 in
479 2741 562 2780 hac
591 2740 696 2780 aula
727 2739 852 2787 uiris,
897 2750 1011 2790 quos
1056 2737 1302 2789 plurimum
1341 2735 1678 2781 sollicitauerat,
1710 2732 1756 2772 id

115 2807 239 2859 quod
267 2806 481 2858 consequi
511 2805 733 2857 cupiebat,
765 2804 950 2844 minime
978 2803 1272 2851 obtinuisset;
1323 2802 1410 2841 huc
1457 2803 1670 2851 tanquam
1700 2798 1756 2838 ad

116 2884 306 2921 sacram,
354 2875 404 2912 ut
451 2871 539 2912 dici
587 2871 714 2918 solet,
763 2870 1003 2910 anchoram
1045 2880 1315 2909 concursum
1345 2867 1520 2913 fecerat,
1552 2864 1758 2904 adductis

183 3047 202 3066 a
221 3048 390 3072 exercere
411 3048 484 3072 ms.
