2028 3531
537 282 617 319 574.
646 302 686 308 -
715 282 860 320 ABULA
885 282 909 318 4
934 281 1191 318 SEPTEMBRIS
1228 281 1313 317 1561
1626 279 1694 318 5027

871 511 985 561 574

310 654 365 704 Ρ.
406 654 672 704 PETRUS
710 653 1071 704 MARTINEZ
1108 654 1158 703 Α
1198 653 1530 703 BUXENTO

607 792 743 818 ABULA
770 781 793 816 4
818 790 1068 817 SEPTEMBms
1100 780 1187 816 1561
1218 785 1239 817 ¹.

107 918 146 954 1.
175 914 329 954 Novus
358 915 517 953 Rector
536 915 703 965 populo
734 926 881 953 carus.
903 936 954 940 —
984 913 1220 953 Sociorum
1248 926 1483 953 numerus.
1515 914 1746 964 Religio-sa

215 980 458 1030 disciplina
486 982 654 1030 vigens.
677 1003 727 1006 —
757 983 798 1018 2.
819 980 979 1018 Rector
1007 980 1212 1019 certatim
1243 981 1475 1030 quaesitus
1503 982 1552 1019 in
1583 980 1745 1030 templo

214 1047 414 1085 maximo
444 1047 484 1084 et
514 1046 623 1085 alibi
652 1058 815 1096 magno
845 1046 1014 1095 spiritu
1045 1046 1348 1084 contionatur.
1370 1046 1619 1085 Fructuose
1640 1057 1744 1095 quo-

215 1122 297 1159 que
326 1110 449 1148 alius
480 1110 618 1149 Pater
646 1111 695 1149 in
727 1109 940 1160 oppidum
970 1121 1189 1160 magnum
1220 1110 1434 1148 excurrit.
1461 1132 1509 1136 —
1532 1114 1574 1148 3.
1603 1110 1745 1148 Pac-es

211 1176 367 1216 initae.
402 1197 448 1201 ——
477 1179 521 1214 4.
553 1175 953 1215 &aeramentorum
982 1187 1095 1214 usus
1125 1175 1474 1225 mmtiplicatmv.

188 1311 224 1350 1.
257 1311 286 1361 †
313 1310 409 1350 Jhs.
442 1311 696 1351 Admodum
741 1310 836 1350 R.‹¹‹⁴
874 1310 921 1350 in
964 1310 1095 1351 Chro.
1129 1310 1200 1350 Pr.
1236 1310 1327 1350 Pax
1371 1310 1537 1351 Christi
1580 1313 1661 1350 etc.
1694 1336 1745 1338 —

107 1376 170 1416 Ex
199 1375 341 1416 literis
369 1377 426 1415 40.
459 1376 623 1416 abhinc
654 1388 804 1422 mense
834 1376 889 1416 ad
920 1378 961 1416 te
993 1376 1142 1416 missis
1172 1384 1190 1402 a
1222 1376 1488 1427 cognouisse
1519 1379 1559 1416 te
1587 1375 1604 1402 ¹³
1630 1377 1746 1416 arbi-

106 1443 212 1489 tror,
244 1443 292 1481 vt
322 1442 392 1481 Pr.
424 1441 680 1482 Salazarius
709 1441 756 1481 in
785 1442 870 1481 hoc
899 1441 1139 1492 collegium
1171 1442 1331 1481 Rector
1360 1442 1593 1482 aduenerit
1617 1443 1648 1482 2.
1682 1442 1745 1482 Ex

105 1506 178 1546 his
207 1518 311 1546 vero
341 1506 565 1558 intelliges
595 1506 723 1547 facile
761 1519 895 1558 quam
939 1509 1092 1558 gratus
1123 1507 1181 1546 sit
1210 1506 1435 1554 omnibus,
1468 1508 1510 1546 et
1538 1509 1745 1559 acceptus

106 1572 162 1612 ob
192 1572 289 1624 ers
320 1571 436 1623 piam
468 1584 557 1611 vna
586 1584 687 1612 cum
716 1572 877 1623 spiritu
907 1572 1192 1611 coniunctam
1222 1572 1484 1614 doctrinam.
1511 1572 1567 1612 Vt
1596 1575 1744 1613 autem

106 1650 130 1677 a
174 1639 327 1677 nostro
369 1637 574 1677 exordiar
616 1637 819 1688 collegio,
852 1649 1009 1678 sumus
1055 1637 1272 1685 vndecim,
1304 1638 1328 1676 5
1358 1638 1609 1678 sacerdotes
1648 1640 1690 1678 et
1719 1639 1745 1677 6

106 1703 264 1742 fratres
293 1704 322 1750 ³,
354 1714 544 1754 quorum
575 1703 664 1742 duo
694 1703 945 1754 theologiae
991 1705 1163 1749 vacant,
1196 1715 1276 1743 nec
1310 1703 1407 1743 sine
1451 1715 1614 1755 magno
1646 1716 1744 1755 pro-

104 1769 259 1816 uentu,
290 1767 346 1807 ad
375 1768 495 1819 quod
525 1780 601 1808 eos
633 1768 822 1808 maxime
847 1768 979 1820 juuat
1010 1768 1114 1808 felix
1158 1780 1287 1808 suum
1321 1768 1550 1819 ingenium
1583 1771 1623 1808 et
1655 1781 1745 1809 cre-

104 1833 184 1873 bra
213 1833 451 1873 lectionum
483 1833 743 1884 disputatio,
775 1836 817 1873 et
847 1845 1031 1873 casuum
1067 1833 1367 1873 conscientiae
1407 1834 1536 1885 (quos
1567 1836 1742 1885 vocant)

105 1910 236 1950 saepe
278 1898 432 1938 haberi
476 1899 622 1939 solita.
670 1898 901 1950 Spirituali
946 1899 1147 1939 omnium
1192 1899 1407 1950 profectui
1451 1911 1543 1939 non
1587 1912 1743 1951 parum

105 1964 339 2004 conferunt
394 1964 651 2015 spirituales
704 1965 955 2011 conciones,
1005 1965 1269 2005 collationes
1316 1967 1357 2004 et
1405 1965 1745 2005 exercitationes

106 2029 500 2070 mortificationum
544 2032 586 2069 et
629 2030 923 2078 obedientiae,
955 2030 1121 2082 quibus
1165 2042 1284 2070 nunc
1314 2032 1590 2075 exercentur,
1622 2042 1746 2070 exac-

106 2094 195 2135 tius
238 2095 284 2134 in
328 2095 399 2135 his
441 2098 619 2136 seruato
663 2096 818 2135 ordine
848 2098 890 2135 et
920 2096 1088 2147 regula,
1121 2108 1254 2147 quam
1286 2096 1504 2136 hactenus
1549 2108 1744 2147 vnquam

104 2160 294 2212 exiguus
323 2163 578 2201 nostrorum
623 2173 835 2201 numerus
866 2161 1141 2212 patiebatur3
1173 2162 1289 2213 quod
1323 2161 1369 2200 in
1399 2161 1495 2201 dies
1525 2161 1745 2201 Dominus

104 2228 279 2277 augeat.

183 2291 221 2331 2.
254 2291 353 2331 Non
381 2292 527 2331 solum
558 2292 806 2341 domestici,
839 2305 992 2333 verum
1023 2295 1065 2332 et
1094 2292 1280 2340 externi,
1309 2292 1567 2344 praesertim
1601 2292 1744 2343 magis

106 2356 183 2408 pij,
228 2356 305 2408 qui
349 2357 663 2408 spiritualibus
707 2360 882 2404 vacant,
915 2370 995 2398 nec
1024 2370 1077 2398 ex
1121 2358 1193 2397 his
1237 2370 1353 2398 vnus
1397 2360 1474 2398 aut
1508 2357 1635 2406 alter,
1667 2357 1744 2397 sed

104 2433 259 2462 omnes
301 2422 390 2462 fere
433 2423 564 2463 nobis
608 2423 717 2470 noti,
751 2424 806 2463 ad
837 2424 1012 2463 Patrem
1045 2424 1273 2463 Rectorem
1318 2435 1582 2473 conuenere,
1615 2425 1662 2462 vt
1691 2423 1744 2463 de

105 2487 176 2539 ijs,
208 2499 322 2539 quae
351 2488 407 2527 ad
437 2488 626 2528 salutem
658 2488 798 2528 animi
829 2489 1066 2540 pertinent.
1098 2500 1300 2528 seorsum
1330 2500 1430 2528 cum
1461 2500 1512 2528 eo
1542 2491 1738 2540 agerent.

105 2551 143 2592 A
173 2564 261 2603 quo
283 2552 346 2604 (vt
375 2553 615 2605 conjectari
647 2553 763 2605 licet)
786 2553 1006 2593 aedificati
1037 2554 1173 2593 nimis
1202 2553 1459 2601 discessere,
1488 2555 1530 2593 et
1560 2552 1744 2593 recreati

104 2618 161 2658 ob
203 2617 301 2658 eius
342 2630 446 2670 erga
489 2631 643 2658 omnes
686 2631 879 2659 amorem
910 2621 951 2659 et
983 2619 1296 2658 humilitatem.
1332 2619 1503 2658 Petitur
1545 2618 1678 2658 etiam
1718 2632 1743 2657 a

165 2774 184 2792 a
203 2765 287 2798 Del.
312 2767 359 2799 te.
385 2785 424 2789 —
448 2766 467 2793 b
487 2767 524 2799 te
547 2776 674 2808 supra
701 2776 804 2800 vers,

147 2923 157 2940 ¹
180 2921 233 2954 Ex
256 2923 401 2963 autogr.
427 2922 466 2955 in
489 2922 568 2955 cod.
595 2922 708 2964 Hisp.
733 2923 795 2963 98,
814 2922 836 2956 f.
861 2923 940 2958 332:
967 2923 1072 2964 prius
1095 2922 1167 2955 396.
1194 2922 1382 2954 Praecedit
1408 2921 1511 2953 aliud
1535 2920 1743 2962 exemplum

107 2974 149 3006 in
171 2974 195 3007 f.
284 3000 292 3008 .

167 3029 180 3047 Β
202 2975 295 3061 V3?clle
318 3037 353 3070 p.
378 3029 451 3062 317.

167 3083 181 3101 ³
202 3081 338 3114 Eorum
362 3083 513 3115 nomina
537 3083 688 3116 exhibet
712 3083 917 3125 catalogus,
941 3084 1007 3126 qui
1031 3085 1087 3116 est
1112 3083 1150 3115 in
1174 3082 1253 3115 cod.
1282 3082 1385 3114 Cast.
1410 3081 1468 3117 13,
1495 3081 1518 3114 f.
1545 3081 1615 3114 167.
