2028 3531
316 280 385 316 364
789 281 991 317 [urrann]
1025 282 1381 326 QuAnaimzsrnsss-

268 399 401 438 solari
432 401 473 438 et
503 399 693 450 gaudere
737 400 974 451 plurimum
1008 400 1151 439 testati
1183 400 1302 444 sunt,
1334 397 1451 448 quod
1481 396 1739 436 Societatem
1771 399 1886 437 esset

265 463 564 513 ingressurus.
598 463 746 515 Neque
778 464 848 504 hic
868 476 918 503 ea
941 464 986 503 in
1010 476 1053 503 re
1074 462 1369 513 conquiescit;
1403 462 1579 500 fratrem
1604 464 1700 512 post
1720 461 1885 502 exactis

267 527 437 578 aliquot.
467 528 693 568 mensibus
722 529 777 568 ad
807 541 852 568 se
872 528 1283 579 euocat,qu[o}cum
1316 535 1330 550 ···
1365 527 1426 565 ita
1460 526 1663 576 religiose
1686 527 1808 574 vixit,
1842 528 1884 565 vt

267 592 370 631 dum
404 592 447 632 in
478 592 758 633 Germaniam
789 606 888 633 cum
918 594 1184 644 quibusdam
1225 591 1470 631 mitteretur
1498 592 1712 640 (quorum.¹
1735 593 1885 641 postea

269 657 542 707 meminero),
583 658 716 698 frater
755 658 902 698 iunior
931 658 1147 697 seniorem
1188 669 1212 695 a
1251 668 1296 695 se
1333 656 1521 696 distrahi
1560 658 1692 706 atque
1724 655 1883 699 *diuelli

268 732 356 759 non
389 733 560 772 passus,
607 722 888 762 Monachium
921 734 1003 762 vna
1034 733 1298 771 congressus
1327 723 1415 765 est;
1449 721 1580 771 idque
1612 722 1882 767 factumest,

268 785 327 824 vti
358 786 637 834 confidimus,
669 789 843 838 accepta
874 799 899 826 a
932 788 1019 826 Deo
1049 787 1146 837 Opt.
1181 786 1292 824 Max.
1327 785 1449 835 prius
1493 785 1885 831 benedictione&

266 850 424 900 angelo
453 851 585 890 etiam
615 852 795 891 comite:
830 852 1006 891 iuuenis
1035 852 1152 890 enim
1184 853 1263 895 est,
1295 850 1424 889 cuius
1454 850 1626 889 indoles
1662 849 1883 899 praeclara

268 915 396 954 nobis
427 916 519 955 vtsa
549 918 627 955 est.
661 916 850 964 Tertius,
877 919 917 955 vt
941 918 1077 955 forma
1107 918 1170 955 est
1201 915 1390 965 egregia,
1424 915 1482 953 ita
1509 914 1660 953 animo*
1676 917 1741 953 est
1767 926 1884 964 prae-

267 979 418 1027 stanti,
452 982 582 1020 natus
616 993 758 1021 annos
790 982 850 1021 17.
882 982 1118 1031 Speramus
1163 980 1287 1019 illum
1331 979 1572 1030 aliquando
1616 990 1701 1018 non
1749 988 1886 1030 parua

270 1044 595 1094 praestiturum.
629 1045 737 1085 Nam
769 1046 906 1085 animi
936 1046 1114 1091 candor,
1147 1048 1188 1084 et
1208 1044 1405 1095 corporis
1426 1044 1580 1090 forma,
1604 1044 1752 1083 nescio
1772 1056 1885 1095 quae

268 1108 398 1148 nobis
441 1110 674 1160 magnifica
705 1111 758 1150 de
789 1111 865 1150 illo
898 1110 1201 1161 polliceantur.
1247 1109 1344 1148 Duo
1386 1108 1692 1159 superioribus
1729 1109 1886 1148 diebus

267 1173 568 1213 adolescentes
599 1175 827 1225 Moguntia
848 1175 902 1214 ad
925 1187 1006 1214 nos
1026 1187 1051 1213 a
1073 1175 1200 1213 Patre
1233 1173 1390 1212 Iodoco
1421 1175 1432 1196 ¹
1455 1172 1630 1212 adducti
1663 1175 1782 1220 sunt,
1809 1173 1884 1224 qui

267 1250 385 1277 nunc
414 1250 511 1278 cum
547 1240 798 1279 humilitate
827 1242 867 1278 ct
897 1239 1123 1279 alacritate
1167 1239 1341 1277 culinae
1385 1237 1651 1284 inseruiunt,
1697 1239 1887 1288 postmo-

266 1303 371 1342 dum
416 1303 555 1342 literis
601 1316 779 1354 operam
827 1304 988 1353 daturj,
1022 1306 1066 1342 vt
1095 1302 1373 1351 Germaniae,
1423 1314 1583 1353 magna
1630 1302 1886 1352 praecipitia

267 1367 471 1418 minantj,
502 1380 628 1418 opem
660 1369 815 1408 ferant.
863 1368 1021 1407 Sextus
1050 1371 1115 1407 est
1144 1367 1325 1418 quidam
1368 1367 1624 1406 adolescens
1666 1367 1815 1406 animo
1844 1369 1886 1418 et

266 1432 436 1482 corpori
471 1435 695 1472 venustus.
730 1433 811 1472 Hic
832 1445 930 1472 cum
959 1433 1110 1472 multis
1142 1432 1369 1471 mensibus
1398 1444 1487 1471 non
1517 1431 1774 1482 quiesceret.
1798 1431 1885 1471 nisi

268 1497 312 1535 in
344 1496 603 1536 Societatem
635 1500 749 1537 esset
779 1498 1016 1543 admissus,
1049 1497 1225 1536 tandem
1256 1508 1306 1535 ea
1336 1496 1402 1535 illi
1434 1496 1603 1535 ratione
1650 1496 1793 1535 factus
1821 1497 1887 1535 est

266 1561 378 1600 liber
408 1562 649 1613 ingressus,
701 1563 829 1602 modo
878 1563 1135 1613 parentibus
1165 1562 1209 1601 id
1238 1562 1355 1601 fieret
1405 1561 1609 1612 conscijs.
1655 1560 1885 1611 Quodvvbi

267 1626 496 1674 intellexit,
521 1627 635 1666 nihil
656 1629 902 1672 cunctatus,
930 1639 1030 1666 mox
1051 1628 1097 1666 in
1121 1626 1304 1677 patriam
1337 1626 1498 1665 festino
1518 1626 1708 1677 quodam
1731 1637 1882 1676 gressu

266 1702 311 1729 se
342 1692 502 1741 rapuit,
526 1704 550 1730 a
573 1694 693 1742 patre
724 1693 974 1731 facultatem
1007 1692 1336 1742 impetraturus.
1370 1691 1499 1730 Pater
1527 1690 1702 1742 quidem
1736 1691 1779 1730 id
1802 1690 1885 1741 pri-

265 1767 385 1794 mum
417 1756 593 1806 aegrius
621 1757 738 1803 tulit,
773 1759 815 1795 vt
846 1758 934 1796 fere
963 1757 1106 1795 solent
1135 1768 1289 1795 omnes
1318 1755 1537 1806 principio
1568 1757 1771 1805 parentes
1790 1766 1885 1794 esse

265 1821 485 1867 difficiles,
518 1822 635 1872 quod
665 1822 720 1860 ab
751 1822 806 1872 ijs
838 1834 926 1860 non
957 1824 1043 1860 tam
1076 1822 1207 1867 malo,
1239 1824 1315 1860 aut
1345 1821 1500 1872 iniquo
1542 1820 1707 1867 animo,
1751 1832 1884 1871 quarn

265 1885 496 1925 Societatis
530 1886 723 1926 instituti
768 1887 1045 1937 ignoratione
1075 1887 1166 1938 fierj
1198 1887 1416 1926 existimo.
1463 1886 1708 1933 Coeterum,
1740 1886 1814 1926 vbi
1844 1888 1886 1925 et

267 1951 443 1990 viuendi
475 1950 705 1990 Societatis
736 1952 965 1997 rationem,
997 1954 1039 1990 et
1059 1964 1146 2002 quo
1176 1951 1373 1990 eiusdem
1402 1953 1588 1990 conatus
1617 1953 1659 1990 et
1687 1950 1884 1990 studium

265 2015 464 2062 ferretur,
496 2028 520 2054 a
544 2016 633 2055 filio
663 2017 923 2062 audiuisset,
958 2016 1157 2066 petitioni
1188 2016 1350 2055 annuit*
1376 2016 1656 2067 perlibenter,
1683 2027 1735 2055 ea
1754 2027 1885 2066 porro

265 2080 374 2130 lege,
400 2082 439 2119 vt
466 2080 675 2119 Leodium
701 2081 1061 2131 proficisceretur,
1085 2081 1348 2120 obtenturus
1369 2081 1500 2120 etiam
1517 2093 1542 2119 a
1559 2092 1640 2120 suo
1660 2080 1885 2120 auunculo

269 2144 455 2194 veniam,
479 2145 554 2196 qui
577 2145 663 2184 iam
688 2146 890 2196 pluribus
911 2158 1010 2184 eum
1042 2146 1182 2185 literis
1203 2145 1388 2185 Colonia
1408 2145 1645 2191 exciuerat,
1670 2147 1713 2184 vt
1734 2145 1884 2196 aliquo

265 2209 476 2248 beneficio
506 2210 802 2249 ecclesiastico
832 2210 1084 2249 donaretur.
1120 2210 1200 2249 Hic
1231 2211 1368 2261 patris
1397 2211 1514 2250 dicto
1544 2210 1747 2257 audiens,
1780 2209 1884 2249 Leo-

264 2274 384 2313 dium
416 2275 538 2325 petit,
579 2275 804 2314 auunculo
834 2275 971 2314 animi
1001 2275 1070 2314 sui
1101 2275 1320 2314 desideria
1363 2275 1531 2326 retegit.
1565 2274 1649 2314 Sed
1682 2274 1753 2313 vbi
1783 2286 1881 2314 eum

264 2339 490 2378 difficilem
526 2339 911 2383 animaduerteret,
962 2342 1003 2379 et
1051 2340 1137 2379 iam
1186 2352 1231 2379 se
1274 2352 1369 2379 esse
1398 2340 1703 2379 deducendum
1735 2339 1814 2389 (sic
1843 2351 1884 2378 a·

266 2404 460 2443 uunculo
480 2404 645 2444 crebris
665 2405 945 2444 sermonibus
966 2405 1184 2452 hortante,
1205 2408 1246 2444 et
1266 2405 1593 2456 quodammodo
1614 2405 1881 2455 impellente)

264 2468 319 2507 ad
349 2468 579 2518 quemdam
615 2469 757 2508 virum
793 2469 1025 2515 illustrem,
1058 2481 1083 2508 a
1111 2482 1199 2520 quo
1230 2469 1441 2509 beneficio
1484 2469 1780 2509 ecclesiastico
1809 2468 1884 2508 do-

264 2533 440 2572 nandus
469 2535 575 2579 erat,
607 2533 857 2572 clanculum
887 2534 943 2572 ab
963 2533 1059 2573 eius
1088 2536 1266 2584 aspectu
1288 2546 1334 2573 se
1354 2534 1622 2581 subducens,
1653 2533 1883 2573 Coloniam

264 2597 389 2637 redit.
436 2597 561 2647 Quod
592 2600 637 2636 vt
666 2598 721 2637 ab
759 2609 810 2637 eo
840 2598 1000 2638 factum
1052 2599 1273 2649 praeclare
1321 2599 1592 2647 audiuimus,
1638 2599 1699 2638 ita
1729 2598 1775 2638 in
1804 2598 1883 2638 So-

263 2661 463 2702 cietatem
510 2662 733 2702 admissus
779 2664 857 2702 est.
905 2663 947 2702 Is
991 2663 1148 2713 partim
1196 2663 1357 2715 officijs
1404 2663 1672 2711 domesticis,
1722 2663 1882 2714 partim

263 2727 507 2766 rhetoricae
527 2729 568 2766 et
589 2739 769 2778 graecae
797 2727 977 2778 linguae
1007 2728 1237 2767 incumbit.
1271 2728 1451 2768 Annum
1482 2729 1568 2768 iam
1601 2728 1651 2767 18
1678 2727 1879 2769 excessit.

325 2899 343 2918 a
367 2890 606 2932 Consumpta
629 2891 781 2923 charta.

326 3045 335 3062 ²
358 3043 395 3076 P.
420 3043 574 3076 lodocus
597 3043 797 3077 Carcineus
820 3043 1090 3085 (Carcaeneus).
1116 3044 1167 3077 Cf.
1192 3044 1337 3076 Lainii
1359 3045 1546 3085 Monum„
1571 3045 1613 3085 V,
1638 3045 1711 3077 483.
