2028 3531
338 278 406 312 :tot
811 277 1010 313 lli'r'ricamc
1048 279 1393 321 (ρι’Λιηηλι118Ίί115

291 397 538 447 theologiae
573 397 625 436 de
668 396 831 436 Christi
876 408 925 435 ac
969 398 1117 435 nostra
1161 394 1478 439 satisfactione,
1517 395 1715 443 presente
1746 394 1910 431 rectore

293 461 609 503 vniam-sitatis,
641 474 691 501 ac
723 461 861 500 nostri
898 460 1217 511 archiepiscopi
1266 461 1410 505 fratre2
1457 457 1693 496 abbatibus
1735 468 1910 507 quoque

290 526 480 568 duobus.
511 529 552 565 et
582 526 684 575 alijs
730 526 933 576 plurimis
975 525 1275 564 audientibus.
1307 535 1404 562 cum
1440 534 1596 571 inagna
1634 521 1911 560 commenda-

291 591 408 629 tione
439 591 648 631 defendit.
681 591 804 630 Alter
835 602 937 629 vero
967 592 1027 628 est
1062 589 1270 639 magister
1299 587 1569 627 coloniensis
1600 589 1628 633 ¹,
1659 586 1734 637 qui
1767 585 1909 624 rheto-

293 655 425 693 ricam
449 657 689 705 profitetur.
715 655 859 706 Atque
882 656 986 693 haec
1009 655 1061 693 de
1082 653 1330 692 studiorum
1361 651 1647 690 renouatione
1676 650 1908 689 sufficiant.

368 720 406 758 z).
440 719 580 766 Nunc,
617 720 663 759 R.
697 723 738 759 et
768 719 1044 758 obseruande
1093 719 1231 759 Pater.
1276 717 1333 755 rei
1371 715 1635 755 domesticae
1680 715 1908 754 rationem.

289 796 339 822 ea
369 796 456 834 qua
488 786 637 834 potero
668 784 882 823 breuitate
911 786 950 822 et
985 782 1309 833 perspicuitate,
1337 780 1641 830 perstringam.
1673 780 1835 818 Sumus
1867 778 1908 816 111

292 849 373 887 1100
401 849 586 899 collegio
623 850 665 887 17
695 857 712 875 ³¹
746 861 943 893 numero,
975 848 1050 898 qui
1082 858 1235 886 omnes
1265 846 1432 896 optima
1455 845 1613 884 mentis
1642 846 1683 883 et
1713 843 1911 893 corporis

290 913 594 952 incolumitate
637 913 779 953 affecti
820 915 938 955 sunt.
975 913 1030 951 vti
1063 924 1113 950 ex
1144 910 1420 950 obedientiae
1463 910 1640 958 studiis,
1674 909 1718 947 in
1748 908 1911 959 quibus

289 978 525 1027 diligenter
555 978 832 1021 incumbunt,
864 980 905 1016 et
936 977 1072 1015 totius
1115 975 1312 1026 corporis
1356 974 1672 1013 constitutione
1710 973 1806 1012 licet
1844 984 1912 1011 co-

291 1054 514 1093 gnoscere.
567 1043 680 1082 tnter
722 1054 834 1093 quos
879 1044 1065 1092 (praeter
1094 1042 1242 1079 decem
1273 1039 1522 1078 sacerdotes
1551 1040 1592 1077 et
1622 1040 1709 1077 tres
1740 1039 1909 1075 fratres

290 1107 365 1156 qui
399 1107 556 1157 partim
587 1119 638 1146 ex
671 1107 812 1149 Italia.
847 1106 1001 1157 partim
1035 1118 1086 1144 ex
1121 1104 1326 1143 Flandria
1363 1104 1448 1142 huc
1495 1103 1615 1142 missi
1660 1105 1779 1150 sunt)
1824 1101 1913 1140 duo

290 1172 344 1210 ad
375 1172 635 1210 Societatem
665 1171 848 1210 admissi
878 1173 996 1213 sunt,
1029 1182 1215 1220 quorum
1240 1168 1388 1219 {unus}
1408 1168 1425 1193 ¹>
1441 1168 1571 1218 coqui
1592 1167 1734 1206 officio
1763 1179 1787 1205 a
1809 1178 1913 1216 qua—

292 1238 391 1275 tuor
421 1236 507 1275 iam
541 1236 768 1275 mensibus
798 1235 1012 1286 fungitur.
1045 1237 1082 1274 et
1115 1233 1390 1284 quotidianis
1411 1233 1456 1271 in
1483 1231 1641 1282 spiritu
1675 1232 1913 1270 incremen—

291 1301 348 1339 tis
379 1301 437 1339 ita
470 1301 666 1343 vertitur.
702 1302 745 1339 vt
776 1301 819 1338 in
851 1300 945 1338 dies
986 1299 1139 1340 melior
1168 1301 1209 1337 et
1242 1297 1472 1348 perfectior
1515 1298 1612 1342 tiat;
1658 1296 1768 1335 atter
1814 1306 1913 1333 vero

292 1367 356 1404 est
387 1366 591 1404 sacerdos
620 1368 661 1404 et
691 1365 932 1403 canonicus
953 1376 1003 1403 ex
1028 1364 1195 1402 familia
1225 1364 1425 1408 honesta,
1457 1362 1549 1413 qui.
1581 1361 1750 1408 abiecta
1785 1371 1913 1399 cano—

292 1430 465 1469 nicatus
494 1430 819 1475 commoditate,
854 1429 898 1468 in
931 1441 1089 1479 magna
1133 1428 1292 1467 hiemis
1336 1427 1571 1477 asperitate
1602 1425 1827 1465 Treuerim
1858 1424 1910 1463 ad

292 1494 551 1534 Societatem
586 1494 714 1534 venit.
748 1494 828 1533 Hic
858 1494 909 1532 ad
942 1494 1091 1532 omnia
1131 1493 1271 1532 officia
1310 1491 1549 1531 domestica
1589 1490 1820 1530 subeunda
1853 1489 1912 1527 ita

293 1562 471 1610 paratus
500 1561 580 1601 est.
616 1561 658 1598 vt
689 1559 818 1598 nobis
850 1559 1035 1598 multum
1068 1557 1312 1597 alacritatis
1341 1559 1383 1595 et
1412 1555 1706 1595 edificationis
1744 1554 1911 1593 adferat

290 1637 390 1664 cum
422 1636 581 1675 magna
612 1624 847 1663 hilaritate.
883 1624 1009 1662 Modo
1040 1623 1189 1662 sacelli
1214 1623 1350 1661 nostri
1383 1621 1608 1661 custodem
1639 1621 1743 1671 agit.
1783 1620 1828 1657 u.
1864 1619 1909 1656 P.

295 1690 452 1727 Rector
480 1690 493 1711 '2
525 1700 575 1727 eo
605 1688 675 1727 die
705 1700 792 1738 quo
815 1699 960 1727 nouus
984 1687 1286 1726 vniuersitatis
1318 1688 1458 1725 rector
1486 1685 1651 1724 electus
1681 1687 1760 1726 est.
1795 1683 1912 1722 theo-

292 1754 435 1803 logi-ae
466 1753 689 1792 facultatis
719 1753 913 1791 decanus
958 1752 1226 1802 presentium
1271 1750 1485 1801 suffragio
1529 1750 1788 1800 designatus
1832 1750 1910 1787 est.

294 1818 410 1856 ldem
444 1818 492 1856 R.
528 1818 655 1856 Pater
685 1817 730 1855 in
763 1829 805 1855 re
835 1816 1073 1855 domestica
1105 1815 1459 1854 administranda
1487 1817 1527 1854 et
1549 1813 1795 1853 scolasticis
1825 1815 1912 1851 stu-

291 1883 378 1931 dijs
408 1882 653 1932 dirigendis
682 1894 779 1921 cum
814 1893 971 1931 magna
1003 1882 1238 1920 sedulitate
1267 1883 1309 1919 et
1338 1892 1443 1919 cura
1467 1881 1679 1918 versatur.
1714 1878 1820 1917 Nam
1847 1889 1914 1916 res

292 1947 533 1986 familiares
564 1947 623 1985 ita
657 1948 920 1991 moderatur,
952 1948 993 1984 vt
1023 1946 1076 1984 ad
1107 1945 1443 1984 obseruationes
1473 1944 1850 1984 constitutionun1
1873 1944 1913 1981 et

291 2012 542 2062 regularum
589 2012 727 2051 nostri
776 2012 969 2050 [nstituti
1014 2011 1249 2061 diligenter
1296 2010 1573 2052 attendatur:
1623 2009 1677 2048 ad
1725 2020 1911 2059 quarum

292 2077 489 2116 sedulam
521 2076 876 2116 01⁷›seruationem
909 2076 1152 2115 excitamur
1183 2088 1257 2126 per
1289 2075 1537 2126 regularum
1575 2073 1912 2125 expositionem.

291 2154 378 2193 qua
407 2143 467 2181 (i.³¹
498 2142 604 2180 feria
636 2142 681 2181 P.
714 2142 872 2179 Rector
901 2141 1136 2191 diligenter
1166 2141 1397 2180 incumbit.
1432 2139 1747 2190 Vnusquisque
1778 2138 1820 2176 in
1853 2139 1914 2176 of-

292 2206 390 2245 ficio
420 2206 505 2245 sibi
527 2218 577 2244 ex
600 2205 851 2244 obedientia
880 2205 1117 2243 commisso
1147 2205 1294 2244 studet
1325 2217 1413 2243 non
1444 2203 1674 2254 negligens
1704 2202 1910 2241 inueniri.

293 2269 459 2310 Omnes
505 2272 712 2320 preterea,
759 2272 845 2308 tam
890 2270 1153 2313 sacerdotes,
1191 2281 1323 2319 quam
1357 2268 1485 2319 layci,
1520 2268 1615 2318 ipso
1646 2267 1792 2306 statim
1825 2269 1915 2305 stu-

289 2334 463 2373 diorum
497 2334 713 2384 principio
747 2337 846 2372 vota
875 2346 956 2372 sua
987 2336 1276 2377 renouarunt,
1323 2345 1411 2384 quo
1457 2333 1502 2371 in
1541 2332 1701 2382 officijs
1730 2332 1785 2370 ab
1816 2331 1914 2369 obe-

290 2399 457 2438 dientia
487 2399 708 2448 impositis
752 2398 944 2437 alacrius
973 2400 1014 2437 et
1044 2398 1263 2437 sincerius
1311 2397 1475 2437 versari
1521 2398 1713 2447 possent.
1762 2395 1913 2434 Poeni-

291 2463 452 2502 tentias
481 2463 613 2502 etiam
643 2463 728 2502 sibi
759 2462 853 2501 dari
887 2462 1115 2501 humiliter
1146 2462 1379 2512 petierunt.

371 2530 408 2568 33.
439 2528 536 2567 Duo
565 2527 899 2566 concionatores
930 2527 1067 2566 nostri
1096 2527 1139 2565 in
1175 2527 1373 2576 ecclesiis
1402 2526 1691 2576 amplissimis
1736 2536 1915 2564 munere

291 2606 373 2632 suo
403 2593 580 2631 assidue
624 2594 885 2642 funguntur.
934 2603 1046 2630 Vnus
1078 2592 1121 2630 in
1153 2604 1327 2630 summo
1357 2594 1398 2630 et
1429 2591 1767 2641 metropolitano
1806 2589 1914 2628 ciui-

293 2658 396 2696 tatis
426 2657 603 2707 templo,
635 2656 745 2695 alter
767 2668 867 2695 vero
889 2656 933 2694 in
955 2656 1138 2695 ecclesia
1160 2656 1207 2695 B.
1234 2656 1395 2695 Mariae
1430 2655 1645 2706 Virginis3
1678 2654 1753 2704 qui
1785 2655 1914 2693 ambo

353 2820 368 2837 a
408 2811 440 2841 17
466 2811 549 2842 lter.
575 2819 699 2850 snpra
728 2818 839 2842 versu,
865 2809 958 2849 qula
984 2809 1145 2840 ahs-euro
1168 2809 1342 2848 primum
1367 2810 1589 2840 ets-aratum.
1617 2808 1633 2833 b
1652 2807 1915 2839 Desidet-am}-

299 2874 330 2895 ν.
359 2873 455 2895 unus
494 2872 533 2893 m
566 2871 634 2894 ms,

356 3004 362 3019 ¹
388 3001 544 3032 Ioannes
569 2999 778 3031 Hei-betius.
804 2998 947 3030 Laiuii
972 2997 1143 3029 Monam.
1172 2998 1193 3028 1.
1219 3008 1247 3028 (·.
1280 2999 1344 3028 ⁷498.

355 3059 365 3073 ²
393 3055 425 3086 l’.
452 3053 637 3085 Antonius
663 3053 792 3085 Vinvk.
