2028 3531
524 304 604 342 575.
632 325 674 330 —
703 304 902 340 Tanvnus
927 303 950 338 4
977 301 1234 338 SEPTEMBms
1262 299 1349 335 1561
1638 297 1708 333 533

121 425 328 466 madibus
357 424 426 465 bis
448 425 557 464 fiunt
580 423 923 474 disputationes,
945 419 1320 461 conuenientibus
1341 430 1392 457 eo
1427 416 1612 467 reliquis
1636 427 1758 466 prae-

120 489 388 541 ceptoribus,
422 491 466 528 vt
496 489 655 528 horum
687 487 935 539 praesentia
979 484 1122 536 magis
1151 483 1499 523 inflammentur.
1543 481 1758 520 Rhetores

120 557 163 596 et
190 554 486 595 humanitatis
514 553 725 604 discipuli
756 553 802 592 in
832 552 927 592 suis
956 549 1221 601 segregatim
1253 548 1421 588 scholis
1454 547 1570 586 idem
1601 547 1755 597 agunt.

123 620 268 672 Atque
297 620 480 671 insuper
508 621 667 659 octauo
689 630 866 670 quoque
886 617 957 656 die
987 616 1100 655 duae
1135 615 1239 654 illae
1268 613 1447 653 scholae
1477 623 1573 651 sese
1604 612 1760 650 mutuo

121 686 367 736 prouocant
386 685 694 734 exercentque,
719 683 852 734 idque
873 680 1142 728 alternatim,
1164 690 1282 718 nunc
1303 678 1451 717 theses
1472 675 1761 727 affigentibus

120 750 388 793 rhetoribus,
438 761 556 788 nunc
599 749 758 788 affixas
800 747 956 787 sedulo
1001 744 1358 785 defendentibus.
1407 742 1488 782 Die
1532 740 1706 780 veneris
1736 751 1762 778 a

120 815 312 867 quodam
343 827 396 854 ex
426 814 676 865 theologiae
718 812 1045 864 professoribus
1075 810 1287 849 omnibus
1317 821 1367 848 ex
1400 819 1542 859 aequo
1573 805 1762 846 catechi-

121 891 246 920 smus
288 879 455 930 Canisij
502 879 786 930 praelegitur,
817 877 893 929 qui
938 887 1169 915 caesareae
1200 873 1446 913 maiestatis
1485 871 1760 911 inscribitur.

124 945 193 985 Ad
221 957 354 997 quam
386 944 620 984 lectionem
651 944 903 995 frequenter
931 941 1063 981 etiam
1095 943 1138 980 et
1167 940 1433 982 sacerdotes,
1465 940 1507 978 et
1538 936 1761 983 monachi,

122 1010 345 1050 interdum
377 1009 509 1050 etiam
545 1009 625 1048 viri
656 1021 746 1048 non
776 1007 917 1048 infimi
954 1006 1166 1053 nominis,
1191 1006 1455 1045 commeant.
1489 1002 1577 1043 Nec
1606 1013 1688 1042 suo
1718 1013 1765 1040 se

122 1075 233 1115 satis
277 1087 458 1115 munere
502 1075 679 1114 functos
722 1074 865 1114 nostri
910 1074 1138 1124 putauere,
1171 1071 1209 1110 si
1254 1071 1337 1110 hoc
1381 1070 1576 1121 agerent,
1610 1069 1655 1107 vt
1690 1078 1766 1118 per

123 1141 463 1187 hebdomadam,
504 1142 673 1192 quanta
712 1141 880 1191 quanta
919 1140 998 1185 est,
1033 1137 1167 1189 probe
1206 1136 1553 1176 exercitarentur
1590 1133 1765 1173 schola-

123 1207 246 1255 stici;
270 1219 424 1247 verum
454 1207 728 1246 committere
758 1206 1011 1252 noluerunt,
1038 1205 1083 1243 vt
1104 1202 1317 1242 dominici
1340 1203 1383 1241 et
1404 1201 1503 1241 festi
1525 1200 1620 1240 dies
1642 1199 1768 1239 nulla

123 1272 254 1312 ducta
284 1272 404 1312 linea
425 1271 557 1312 otiosi
580 1271 884 1323 praeterirent.
908 1269 1082 1320 Quibus
1111 1268 1388 1308 conueniunt
1409 1267 1465 1305 ad
1487 1277 1569 1305 nos
1590 1276 1768 1305 summo

125 1350 276 1377 mane:
311 1338 372 1377 ibi
403 1337 557 1377 doctor
586 1336 838 1388 theologiae
868 1335 993 1375 illius
1023 1334 1111 1374 diei
1150 1332 1437 1384 euangelium
1471 1331 1609 1371 latine
1639 1341 1769 1381 expo-

125 1403 214 1451 nit;
247 1403 365 1455 quod
397 1403 452 1442 ad
483 1403 638 1442 horam
683 1401 828 1441 durat.
870 1401 1000 1440 Illinc
1043 1400 1099 1439 ad
1129 1399 1342 1439 sacellum
1387 1398 1547 1436 domus
1592 1397 1770 1436 nostrae

124 1469 422 1516 deducuntur,
461 1468 589 1517 vnde,
634 1479 736 1507 cum
783 1467 905 1518 prius
948 1477 1125 1505 sacrum
1169 1464 1423 1510 audierunt,
1469 1462 1770 1502 dimittuntur.

129 1534 248 1573 Hora
277 1534 341 1574 ‘23²
373 1547 397 1573 a
429 1533 627 1582 meridie,
659 1533 818 1573 diebus
848 1532 1040 1571 maxime
1070 1530 1324 1571 dominicis.
1348 1540 1503 1568 omnes
1533 1528 1694 1567 iterum
1723 1525 1771 1565 in

125 1599 280 1639 schola
325 1599 637 1650 philosophiae
680 1602 811 1650 (quae
856 1597 1042 1648 reliquis
1087 1596 1293 1647 capacior
1335 1597 1416 1643 est)
1467 1592 1768 1638 conueniunt3

125 1666 258 1716 atque
289 1665 351 1704 ibi
382 1665 497 1704 duae
527 1676 552 1703 a
581 1663 832 1715 discipulis,
865 1665 911 1702 vt
947 1663 1198 1705 minimum,
1222 1658 1653 1700 declamatiunculae
1684 1669 1774 1697 me-

126 1731 308 1770 morIter
336 1730 595 1777 recitantur,
627 1730 768 1770 altera
796 1741 821 1768 a
852 1729 1043 1775 rhetore,
1068 1728 1208 1767 altera
1238 1739 1263 1766 a
1296 1728 1437 1777 poeta,
1461 1724 1531 1764 vel
1567 1723 1774 1763 humani-

126 1796 232 1837 tatis
261 1795 479 1836 auditore.
513 1795 791 1836 Confitentur
820 1806 998 1846 quoque
1028 1792 1223 1844 singulis
1254 1792 1342 1832 fere
1373 1790 1617 1839 mensibus,
1653 1788 1771 1840 quod

126 1861 351 1914 germanis
382 1861 512 1901 valde
542 1860 797 1900 inauditum
830 1859 911 1900 fuit
944 1859 991 1898 in
1024 1858 1267 1910 principio,
1315 1868 1435 1897 nunc
1473 1855 1609 1896 alacri
1640 1854 1774 1895 etiam

126 1927 278 1968 animo
308 1927 526 1978 paulatim
557 1928 847 1972 assuescunt;
882 1925 993 1964 adeo
1026 1927 1070 1964 vt
1099 1924 1216 1963 inter
1244 1923 1348 1963 illos
1377 1934 1468 1962 non
1503 1921 1665 1968 desint,
1697 1920 1774 1972 qui

128 1993 229 2040 15.0,
262 1995 305 2032 et
347 1993 408 2032 8.0
438 2004 616 2044 quoque
661 1991 732 2031 die
776 1991 821 2030 id
853 1992 1092 2042 praestent.
1139 1989 1332 2039 Quidam
1362 1988 1494 2028 etiam
1542 1999 1632 2027 non
1676 1997 1776 2025 raro

129 2070 257 2098 sacro
286 2057 443 2098 altaris
472 2057 636 2097 viatico
682 2056 958 2096 reficiuntur.
992 2056 1048 2095 Vt
1077 2066 1263 2095 numero
1297 2054 1458 2102 dicam,
1490 2052 1700 2104 quamuis
1731 2051 1778 2090 in

129 2124 186 2176 ijs
217 2123 374 2164 merito
404 2123 656 2163 desiderare
690 2122 913 2174 possimus
936 2121 1111 2161 viuacia
1133 2121 1226 2168 illa,
1259 2132 1309 2159 ac
1330 2118 1558 2171 praecocia
1579 2117 1775 2168 ingenia,

134 2201 248 2241 quae
277 2189 323 2228 in
354 2188 637 2240 quorundam
669 2188 902 2241 regionum
934 2187 1178 2227 iuuenibus
1199 2197 1375 2225 cernere
1405 2186 1486 2232 est,
1518 2184 1602 2224 hac
1630 2185 1779 2222 tamen

130 2255 262 2295 laude
293 2254 480 2294 minime
509 2252 806 2293 defraudandi
836 2254 956 2300 sunt,
989 2251 1108 2303 quod
1139 2252 1473 2302 praeceptorum
1514 2249 1605 2289 sint
1633 2249 1781 2288 obser-

130 2319 403 2366 uantissimi,
435 2319 627 2358 libenter
659 2330 706 2358 se
727 2320 769 2358 et
790 2318 1019 2357 admoneri
1050 2319 1093 2357 et
1122 2316 1329 2367 redargui
1360 2315 1607 2366 patiuntur,
1649 2315 1781 2365 atque

128 2386 263 2427 etiam
284 2385 488 2425 culturae
519 2384 762 2435 patientem
794 2383 1035 2434 praebeant
1065 2394 1233 2422 aurem.
1268 2382 1333 2420 Ita
1355 2383 1400 2420 vt
1422 2380 1524 2432 plus
1554 2380 1646 2419 illis
1675 2391 1777 2419 con—

131 2450 243 2492 ferre
285 2450 428 2490 soleat
470 2450 598 2489 labor
641 2451 683 2489 et
726 2449 977 2500 diligentia,
1010 2460 1143 2499 quam
1176 2447 1280 2498 alijs
1309 2446 1604 2498 quantumuis
1641 2445 1777 2485 etiam

131 2515 307 2557 foelicia
351 2515 549 2567 ingenia.
597 2514 683 2555 Sed
727 2515 786 2554 sit
829 2516 905 2554 tua
953 2526 1057 2565 pace
1087 2514 1140 2553 de
1170 2512 1392 2563 exercitijs
1422 2510 1704 2551 scholasticis
1734 2521 1784 2550 ac

129 2583 480 2634 praeceptorum,
513 2581 590 2632 qui
624 2583 794 2632 septem
817 2582 938 2621 sunt.
963 2591 1145 2619 munere
1167 2579 1275 2618 haec
1296 2577 1465 2617 dixisse
1485 2576 1608 2616 satis.
1633 2575 1784 2627 Neque

131 2647 250 2687 enim
281 2647 364 2687 hoc
394 2646 585 2698 agimus,
610 2648 656 2685 vt
685 2645 840 2685 omnia
864 2645 1076 2685 minutim
1102 2644 1429 2696 perscribamus
1453 2642 1587 2694 (quod
1604 2641 1785 2693 quidem

131 2712 298 2753 infiniti
329 2712 462 2752 fuerit
494 2711 677 2763 negotii,
710 2713 758 2750 vt
807 2711 985 2762 quidem
1020 2710 1243 2757 existimo,
1276 2712 1319 2749 et
1349 2709 1420 2749 uel
1451 2720 1609 2759 operae
1640 2707 1786 2759 precio

133 2778 411 2828 cariturum),
444 2777 521 2817 sed
554 2779 601 2817 ut
630 2789 683 2816 ex
716 2776 872 2816 multis
903 2788 1044 2827 pauca
1076 2776 1294 2827 quaedam
1329 2775 1379 2814 R.
1406 2774 1454 2814 V.
1486 2774 1784 2813 innotescant.

132 2844 231 2883 Jam
261 2842 429 2883 dudum
472 2842 590 2882 enim
624 2842 731 2893 quid
763 2854 788 2881 a
822 2842 990 2881 nostris
1019 2841 1344 2882 sacerdotibus.
1376 2838 1784 2886 concionatoribus,

137 2908 284 2960 iquue
314 2908 391 2960 qui
422 2907 699 2959 excipiendis
729 2907 1094 2947 confessionibus
1125 2908 1298 2953 vacant,
1333 2906 1503 2945 fructus
1534 2906 1786 2955 perceptum

134 2973 209 3022 sit,
241 2985 293 3014 ea
336 2985 424 3025 qua
468 2973 685 3013 hactenus
718 2984 825 3012 Vsus
868 2984 969 3012 sum
1001 2971 1236 3022 breuitate,
1268 2971 1399 3011 vobis
1434 2970 1663 3020 cognitum
1693 2980 1790 3009 esse

135 3038 287 3090 cupio.

220 3105 258 3145 7.
291 3104 389 3144 Duo
410 3115 464 3145 ex
486 3104 653 3144 nostris
682 3103 1018 3144 concionatores
1048 3102 1249 3156 germani
1272 3103 1411 3142 statas
1441 3101 1609 3141 habent
1630 3100 1789 3141 diebus
