2028 3531
557 290 637 327 572.
665 313 708 317 —
736 291 923 328 Bibnouo
949 291 972 327 3
999 291 1254 327 SEPTEMBRIS
1282 289 1369 326 1561
1666 290 1736 326 523

150 411 238 450 nisi
269 410 479 450 simulato
522 410 713 460 fictoque
756 411 921 457 animo,
954 410 999 449 in
1032 410 1146 448 viam
1193 421 1322 460 spero
1365 411 1619 448 nostrorum
1650 421 1783 460 opera

150 476 355 515 reductos
384 477 425 514 et
457 475 502 514 in
534 475 618 515 fide
648 476 947 515 confirmatos
981 474 1088 514 Tres
1118 477 1223 514 sunt
1254 474 1406 513 Patres
1451 486 1536 513 vna
1565 486 1665 513 cum
1697 486 1784 513 rec—

149 542 258 587 tore,
280 540 356 591 qui
378 540 738 580 confessionibus
760 542 930 588 vacent,
953 540 1119 591 quibus
1140 540 1231 579 scio
1254 540 1488 590 plerosque
1518 551 1542 578 a
1568 539 1784 590 grauibus

149 605 360 656 periculis
389 607 528 645 tectos
559 605 696 645 fuisse
726 618 777 646 ac
806 608 949 645 sartos
978 607 1282 644 conseruatos.
1316 605 1631 654 Veneruntque
1662 604 1784 643 nobi-

148 671 212 710 les
241 671 459 722 quaedam
491 671 700 711 mulieres
729 683 782 711 ex
812 670 1123 710 remotissimis
1154 670 1278 718 locis,
1314 672 1357 709 vt
1392 672 1433 709 et
1466 669 1784 709 confiterentur

148 736 315 776 nostris
343 738 385 776 et
414 748 491 776 eos
520 737 804 777 consulerent
832 736 940 788 quid
972 736 1223 775 faciendum
1251 738 1367 775 esset
1389 735 1611 786 plerisque
1641 735 1687 774 in
1719 747 1782 774 re-

148 801 246 848 bUS,
280 801 325 840 in
356 801 522 853 quibus
552 801 850 841 haesitabant.
884 801 1038 840 Patres
1067 801 1246 852 quidam
1280 801 1535 840 inuiserunt
1566 802 1784 839 monaste-

149 865 263 905 rium
296 865 574 914 monialium,
597 879 786 918 quarum
818 866 1057 905 audierunt
1077 865 1398 913 confessiones,
1422 865 1663 904 multarum
1685 864 1784 916 qui-

147 930 244 970 dem
276 931 519 982 generales,
552 932 670 983 apud
713 943 825 983 quas
854 931 986 970 etiam
1031 933 1136 970 sunt
1179 930 1431 970 concionati
1477 942 1638 981 magno
1667 931 1783 969 certe

147 995 344 1047 ipsarum
375 997 623 1045 commodo,
655 1009 754 1037 cum
786 999 888 1036 ante
919 996 1056 1036 variis
1081 996 1359 1047 agitarentur
1381 996 1539 1043 modis,
1563 1008 1643 1035 nec
1673 995 1783 1035 satis

146 1064 329 1101 nossent
359 1074 438 1102 sue
470 1062 685 1102 rationem
715 1061 1008 1114 professionis
1051 1064 1183 1113 atque
1229 1062 1453 1112 proposite
1497 1062 1608 1108 vite3
1645 1073 1783 1112 quare

145 1139 200 1167 ex
228 1127 483 1179 cognitione
528 1131 782 1168 nostrorum
828 1128 1037 1167 maximis
1080 1139 1126 1167 se
1169 1127 1388 1179 obstringi
1434 1128 1524 1167 Deo
1557 1127 1782 1168 beneficiis

145 1192 366 1240 dicebant,
398 1195 440 1233 et
470 1193 573 1233 illae
602 1201 621 1220 a
649 1197 763 1233 certe
806 1193 884 1233 diu
928 1195 1151 1244 noctuque
1188 1205 1265 1244 pro
1295 1192 1513 1233 Societate
1542 1194 1685 1232 orant.
1719 1192 1782 1232 De

146 1269 266 1297 more
295 1258 454 1298 diebus
484 1258 721 1298 dominicis
764 1259 919 1298 concio
963 1259 1009 1298 in
1050 1270 1211 1310 magno
1242 1259 1422 1310 templo,
1456 1270 1619 1309 magno
1648 1258 1782 1297 etiam

145 1333 246 1362 cum
277 1322 439 1371 fructu,
471 1324 674 1363 habetur.

224 1388 262 1428 4.
296 1388 358 1428 De
387 1389 556 1429 scholis
588 1401 726 1440 pauca
748 1392 854 1429 sunt
875 1389 954 1429 illa
974 1389 1170 1440 quidem,
1194 1401 1307 1440 quae
1328 1389 1488 1438 dicam,
1512 1400 1624 1440 quas
1653 1392 1783 1428 ornat

145 1454 261 1493 certe
290 1456 330 1493 et
362 1454 643 1494 commendat
685 1454 874 1494 honesta
917 1454 1077 1494 selecte
1122 1454 1373 1494 iuuentutis
1417 1453 1691 1505 frequentia3
1739 1456 1783 1493 vt

146 1519 322 1559 etiamsi
355 1520 401 1559 in
432 1520 647 1571 proximis
677 1520 940 1560 ciuitatibus
969 1520 1151 1572 quidam
1182 1520 1274 1560 sint
1303 1522 1345 1559 et
1374 1520 1577 1560 doctrina
1619 1522 1662 1559 et
1701 1531 1783 1559 vsu

144 1586 277 1636 atque
297 1585 613 1625 exercitatione
634 1586 930 1625 commendati
955 1586 1242 1637 professores,
1262 1597 1423 1625 nomen
1446 1587 1593 1625 tamen
1615 1585 1783 1626 scholis

144 1650 311 1690 nostris
340 1663 429 1691 non
463 1652 748 1703 praeripiant,
772 1651 1005 1703 nihiloque
1029 1651 1263 1691 videantur
1283 1651 1538 1691 deteriores.
1563 1650 1676 1691 Sunt
1706 1663 1782 1690 au-

144 1717 231 1754 tem
252 1727 438 1756 numero
468 1716 570 1768 plus
601 1717 750 1757 minus
778 1717 898 1756 mille
918 1718 961 1756 et
981 1716 1184 1764 ducenti;
1208 1716 1254 1756 in
1276 1716 1442 1768 quibus
1462 1716 1720 1756 erudiendis
1740 1717 1783 1755 et

143 1780 199 1819 ad
228 1792 405 1821 omnem
434 1782 761 1822 humanitatem
791 1782 1104 1830 informandis,
1137 1782 1342 1822 lubenter
1375 1793 1781 1821 commemorauero
1813 1820 1816 1824 .

142 1847 395 1886 nostrornm
428 1847 614 1892 fratrum
645 1847 924 1899 diligentiam
957 1849 1028 1898 (ne
1058 1859 1127 1887 me
1158 1848 1249 1887 illis
1288 1850 1330 1887 et
1373 1847 1610 1887 tardiorem
1643 1847 1782 1898 negli-

143 1911 477 1964 gentioremque
516 1913 701 1953 moleste
732 1913 902 1963 feram),
935 1924 1049 1964 quos
1094 1913 1221 1952 video
1265 1913 1477 1953 insudare
1519 1915 1561 1952 et
1604 1924 1781 1952 omnem

143 1976 354 2017 adhibere
383 1989 578 2029 operam,
611 1979 808 2018 studium
841 1980 974 2030 atque
1004 1981 1196 2029 tempus,
1229 1981 1275 2018 vt
1306 1979 1417 2018 illud
1448 1990 1579 2018 suum
1616 1989 1782 2018 munus

144 2054 221 2093 pro
251 2043 468 2094 dignitate
501 2044 767 2095 compleant.
801 2044 1150 2083 Exercitationes
1185 2044 1464 2090 scholastice,
1497 2043 1781 2083 declamatio-

142 2119 237 2156 nes,
283 2108 626 2159 disputationes,
672 2109 937 2160 scriptiones
980 2110 1134 2149 crebro
1178 2110 1434 2161 exiguntur,
1467 2121 1567 2149 cum
1612 2108 1780 2160 insigni

141 2173 465 2224 discipulorum
488 2174 789 2226 promotione,
822 2177 863 2214 et
886 2178 930 2214 vt
951 2175 1018 2214 illi
1040 2175 1235 2226 singulis
1256 2175 1510 2227 quibusque
1533 2175 1778 2221 mensibus,

141 2240 219 2278 aut
247 2239 379 2278 etiam
411 2240 607 2291 saepius,
639 2240 951 2288 confiteantur,
976 2241 1247 2292 prospicitur
1276 2241 1527 2292 diligenter.
1552 2240 1585 2280 E
1615 2240 1781 2292 quibus

141 2306 247 2344 sunt
278 2304 477 2356 plerique
519 2305 595 2357 qui
640 2308 800 2345 octauo
843 2318 1022 2357 quoque
1066 2306 1137 2345 die
1181 2306 1224 2345 id
1268 2306 1497 2357 perficiant
1528 2306 1777 2353 nobiscum,

141 2368 308 2420 quique
340 2382 500 2421 magno
530 2370 766 2410 Societatis
795 2371 987 2422 flagrant
1017 2383 1181 2419 amore,
1206 2383 1342 2423 seque
1372 2371 1417 2411 in
1449 2383 1545 2411 eam
1575 2372 1781 2422 cooptan-

141 2433 222 2473 dos
251 2434 487 2483 tradidere,
524 2435 595 2474 vbi
645 2435 834 2486 primum
868 2436 915 2475 Ρ.
950 2436 1109 2475 Rector
1139 2436 1183 2475 id
1216 2436 1375 2476 viderit
1418 2432 1594 2487 tempus
1631 2437 1778 2486 postu-

141 2499 255 2546 lare;
288 2511 338 2539 ac
368 2500 499 2540 bonis
528 2503 569 2540 et
600 2501 761 2540 litteris
805 2503 847 2540 et
892 2501 1091 2541 moribus
1122 2501 1299 2550 imbuti,
1332 2514 1431 2542 cum
1477 2503 1683 2553 parentes
1714 2512 1778 2540 re-

143 2564 311 2612 uisunt,
344 2565 506 2605 mirum
536 2567 753 2617 quantum
786 2566 832 2605 in
862 2566 955 2606 illis
998 2578 1080 2606 suo
1123 2567 1327 2618 exemplo
1371 2567 1549 2618 pietatis
1587 2566 1780 2606 excitent

140 2629 355 2669 studium.
389 2630 557 2670 Audiui
588 2643 669 2682 ego
698 2631 804 2671 dum
837 2634 1043 2683 parentes
1081 2632 1263 2683 quidam
1308 2632 1505 2672 dicerent
1549 2631 1701 2671 mirari
1732 2642 1779 2671 se

141 2694 306 2734 liberos
335 2697 465 2735 antea
496 2698 585 2735 tam
617 2697 869 2747 petulantes
898 2699 940 2736 et
975 2697 1234 2742 insolentes,
1267 2698 1622 2738 modestissimos
1651 2700 1692 2737 et
1722 2697 1779 2737 ad

140 2771 316 2800 omnem
347 2761 625 2801 honestatem
656 2762 920 2802 informatos
950 2763 1006 2802 ad
1050 2775 1096 2802 se
1135 2763 1292 2812 redire,
1325 2765 1371 2803 vt
1400 2775 1553 2803 eorum
1584 2774 1675 2802 non
1705 2775 1779 2814 pa-

142 2837 238 2864 rum
271 2828 557 2866 mouerentur
598 2829 641 2866 et
684 2827 846 2878 pietate
876 2830 918 2867 et
948 2828 1198 2868 sanctitate.
1232 2828 1340 2868 Tres
1383 2829 1497 2868 bone
1541 2828 1707 2868 indolis
1736 2829 1778 2868 et

140 2891 407 2931 eruditionis
436 2904 490 2931 ex
520 2892 686 2932 nostris
715 2893 950 2944 discipulis
972 2893 1018 2933 in
1040 2893 1304 2934 Societatem
1326 2894 1505 2933 admisit
1530 2894 1576 2933 P.
1602 2894 1775 2942 Rector,

201 3095 220 3115 a
240 3087 302 3120 ille
324 3097 398 3121 ms.
