2028 3531
329 270 399 307 2284
800 273 1004 310 erTnnAr:
1038 275 1384 320 Quanmmnsrnns

283 400 399 435 nere,
430 389 507 440 qui
553 390 743 431 subinde
772 392 902 432 nobis
949 393 1262 439 obtruduntur,
1313 404 1454 444 neque
1493 393 1602 433 citra
1642 394 1900 435 intermina-

282 453 462 494 tionem.

358 520 396 558 9.
431 519 590 559 Verum
623 523 667 560 vt
695 522 750 561 ad
780 523 999 573 gymnasii
1029 523 1169 562 nostri
1201 534 1386 562 messem
1420 524 1694 571 accedamus,
1737 525 1900 575 profes-

281 594 402 622 sores
431 584 605 624 classici
635 588 740 625 sunt
772 587 820 625 10
847 598 1016 638 suoque
1045 587 1230 627 docendi
1262 599 1441 627 munere
1461 588 1616 628 sedulo
1636 588 1897 640 funguntur,

281 646 341 686 ita
374 650 417 687 vt
448 660 707 699 progressus
735 651 948 702 auspiciis
978 652 1288 703 respondeant,
1321 663 1398 691 seu
1430 652 1577 703 potius
1607 653 1735 693 initia
1774 665 1901 704 supe-

282 713 389 751 rent.
423 712 605 752 Nostras
642 714 819 754 scholas
847 722 865 741 ἃ
910 716 1284 767 frequentantium
1315 715 1333 741 b
1377 728 1588 756 numerus
1632 717 1900 768 quingentos

279 776 471 827 attingit,
504 779 581 816 aut
609 781 802 829 superat,
834 780 907 831 qui
940 781 986 820 in
1016 781 1110 820 dies
1141 781 1422 820 vehementer
1450 784 1650 831 augetur.
1683 782 1745 821 Ex
1789 783 1899 821 Pan-

280 841 414 880 nonia
457 844 499 881 et
528 842 740 882 Bobemia
786 844 993 896 discipuli
1026 848 1275 897 frequentes
1317 846 1372 884 ad
1415 857 1498 885 nos
1544 847 1786 886 confluunt.
1837 847 1899 886 Ex

279 904 664 957 wittembergensi,
713 910 755 947 et
784 909 1150 961 norimbergensi,
1195 912 1237 949 et
1266 909 1368 950 aliis
1411 910 1596 950 miserae
1637 911 1899 951 Germaniae

278 969 458 1015 scholis,
493 982 580 1010 non
610 972 754 1022 pauci,
786 975 828 1012 et
858 985 1042 1025 magnae
1072 974 1249 1025 quidem
1285 974 1548 1022 nobilitatis,
1598 975 1900 1015 adolescentes

278 1032 364 1072 huc
393 1045 439 1073 se
469 1035 755 1084 transferunt,
787 1037 863 1088 qui
893 1050 1078 1089 magnos
1108 1051 1197 1077 non
1228 1039 1273 1077 in
1304 1050 1348 1078 re
1377 1040 1549 1078 tantum
1580 1040 1790 1087 literaria,
1821 1040 1898 1079 sed

277 1097 409 1137 etiam
437 1099 482 1138 in
505 1099 665 1150 pietate
694 1103 826 1153 atque
854 1103 1097 1143 christiana
1127 1112 1142 1129 ⁰
1181 1103 1393 1154 religione
1423 1115 1683 1155 progressus
1713 1104 1896 1145 faciunt.

278 1161 339 1201 Ex
369 1163 439 1202 his
468 1164 649 1214 quidam
697 1178 839 1206 annos
886 1168 958 1207 vix
1004 1169 1052 1207 10
1082 1171 1213 1208 natus
1251 1180 1276 1207 a
1310 1169 1569 1219 parentibus
1602 1169 1900 1209 schismaticis

275 1226 421 1274 domo,
453 1229 570 1278 quod
601 1231 869 1271 sacrosancti
894 1232 1054 1283 jubilei
1098 1235 1291 1283 tempore
1320 1232 1338 1258 ‘¹
1374 1233 1571 1272 ieiunare
1613 1233 1897 1281 decreuisset,

275 1291 513 1332 durissime
533 1294 760 1344 expulsus,
784 1295 829 1335 in
851 1308 932 1336 suo
953 1297 1026 1348 pio
1049 1297 1274 1348 proposito
1305 1297 1508 1348 perstitit.
1530 1298 1636 1337 Inde
1656 1298 1709 1337 ad
1731 1298 1900 1345 auiam,-

276 1355 506 1396 honestam
537 1358 583 1397 in
614 1359 769 1410 primis
798 1363 841 1400 et
869 1362 1132 1402 catholicam
1176 1364 1439 1409 matronam,
1472 1375 1573 1402 mox
1620 1375 1715 1402 sese
1753 1363 1900 1403 confe÷

276 1432 377 1460 rens
406 1434 505 1462 cum
527 1435 577 1462 ea
594 1424 741 1464 triduo
770 1426 882 1465 clam
913 1427 1145 1467 ieiunauit.
1170 1427 1300 1467 Alius
1329 1430 1469 1467 aetate
1495 1428 1628 1478 paulo
1650 1428 1900 1478 prouectior

274 1496 373 1524 cum
404 1487 599 1537 grauiter
627 1489 755 1529 ferret
786 1493 967 1531 matrem
998 1504 1123 1531 suam
1153 1493 1208 1531 ab
1238 1492 1421 1532 ecclesia
1443 1492 1518 1532 Dei
1551 1493 1736 1544 turpiter
1761 1492 1897 1532 desci-

276 1550 394 1590 uisse
433 1559 469 1600 e,
496 1552 561 1592 ira
609 1555 798 1605 quadam
831 1559 983 1595 sancta
1015 1557 1204 1607 percitus
1247 1557 1304 1607 ijs
1347 1558 1492 1597 verbis
1534 1570 1630 1597 eam
1660 1569 1899 1609 aggressus

274 1617 362 1654 est:
398 1631 418 1651 ‹<
448 1617 599 1666 Mater,
649 1618 737 1658 nisi
780 1621 1111 1660 commenticias
1158 1624 1258 1661 tuas
1286 1622 1535 1673 opiniones,
1585 1625 1717 1673 atque
1760 1622 1895 1673 impia

275 1680 451 1720 Martini
482 1682 662 1723 Lutheri
693 1684 865 1725 decreta
913 1686 1244 1736 propulsaueris
1273 1699 1296 1726 e
1326 1689 1402 1726 tuo
1431 1688 1588 1738 capite,
1632 1699 1722 1726 non
1766 1687 1897 1726 modo

274 1756 438 1784 morem
469 1747 550 1786 tibi
580 1749 773 1799 amplius
802 1761 890 1789 non
921 1762 1084 1801 geram,
1117 1752 1192 1790 sed
1222 1763 1301 1791 nec
1330 1752 1484 1791 matris
1516 1752 1610 1792 loco
1631 1754 1671 1791 te
1701 1763 1895 1803 vnquam

274 1811 516 1850 venerabor
544 1828 582 1852 ».
615 1813 787 1863 Quibus
817 1815 962 1854 verbis
992 1815 1051 1854 ita
1081 1818 1299 1855 commota
1329 1816 1421 1862 illa,
1455 1819 1497 1856 vt
1528 1829 1617 1856 non
1646 1817 1776 1867 longe
1796 1818 1897 1867 post

274 1875 545 1924 poenitentia
567 1877 682 1917 vitae
711 1880 936 1919 anteactae
965 1882 1177 1930 permota,
1201 1881 1319 1932 apud
1349 1893 1430 1921 nos
1450 1893 1632 1933 syncere
1661 1881 1896 1932 acintegre

272 1939 595 1981 confessionem
625 1942 881 1983 instituerit.
906 1944 1018 1984 Sunt
1038 1945 1114 1996 qui
1135 1958 1309 1985 omnem
1333 1958 1510 1986 mouere
1530 1946 1722 1997 lapidem
1744 1946 1893 1986 viden-

273 2005 358 2051 tur,
391 2007 437 2044 vt
465 2005 511 2044 hi
541 2006 807 2057 quibuscum
851 2012 1003 2060 agunt,
1050 2011 1180 2049 rebus
1209 2011 1388 2050 caducis
1418 2011 1679 2058 valedicant,
1716 2023 1766 2050 ac
1799 2022 1895 2050 sese

272 2070 388 2108 totos
417 2071 608 2111 aeternis
637 2076 906 2113 consecrent.
940 2073 1064 2113 Adde
1092 2075 1210 2125 quod
1253 2075 1336 2115 hoc
1382 2075 1719 2127 quadragenarij
1753 2076 1890 2127 ieiunj

272 2135 480 2184 tempore,
512 2147 594 2176 suo
623 2137 812 2189 quisque
842 2150 919 2189 pro
949 2139 1144 2186 modulo,
1176 2140 1354 2180 diuersa
1382 2152 1461 2191 pro
1491 2141 1636 2180 foelici
1674 2141 1894 2192 generalis

270 2199 445 2250 concilij
478 2212 660 2241 sucessu
695 2204 960 2243 munuscula
991 2204 1059 2254 pie
1091 2205 1152 2253 (vt
1181 2217 1233 2244 ex
1263 2205 1406 2245 indice
1435 2206 1491 2245 ad
1521 2205 1568 2247 T.
1599 2206 1650 2246 R.
1684 2206 1731 2245 P.
1764 2208 1893 2245 antea

272 2263 408 2303 misso
437 2267 724 2317 constat),³ac
747 2267 1045 2308 *libentissime
1075 2269 1165 2309 Deo
1195 2269 1294 2321 Opt.
1326 2271 1440 2310 Max.
1472 2271 1649 2318 obtulit,
1681 2270 1891 2310 nimirum

270 2327 576 2377 eleemosinas,
600 2331 781 2379 ieiunia,
803 2332 935 2383 cilicij
958 2323 1322 2384 deportationem,
1346 2334 1545 2386 aliasque
1561 2335 1888 2385 castigationes.

270 2392 523 2434 Visitabant
553 2396 679 2435 multi
709 2397 998 2445 xenodochia,
1030 2398 1311 2439 confluebant
1339 2399 1565 2439 turmatim
1595 2400 1650 2439 ad
1680 2411 1889 2447 carceres,

270 2469 462 2510 suasque
491 2461 777 2511 pauperibus,
800 2463 876 2513 qui
898 2463 941 2502 id
965 2465 1180 2513 poterant,
1204 2464 1416 2514 pecunias
1436 2476 1616 2516 syncere
1636 2466 1678 2504 et
1699 2465 1891 2504 maximo

268 2535 365 2562 cum
398 2525 535 2564 animi
566 2526 726 2566 solatio
754 2528 1009 2579 erogabant.
1043 2528 1099 2567 Hi
1129 2530 1334 2580 gnauiter
1362 2530 1566 2569 laborant
1595 2530 1640 2569 in
1674 2530 1889 2581 epigram-

269 2588 415 2633 matis,
447 2591 541 2629 tum
571 2590 617 2629 in
646 2591 794 2631 soluta
822 2592 1021 2632 oratione
1050 2593 1287 2633 dominicis
1323 2594 1536 2645 festisque
1582 2594 1739 2634 diebus
1786 2594 1891 2634 reci-

269 2653 425 2701 tanda3
459 2655 572 2694 vnde
602 2655 663 2703 fit,
696 2658 742 2695 vt
771 2656 872 2707 ipsi,
903 2659 943 2696 et
974 2657 1050 2707 qui
1080 2658 1284 2705 audiunt,
1317 2659 1363 2697 in
1393 2659 1487 2698 dies
1518 2659 1658 2710 magis
1678 2671 1728 2698 ac
1749 2659 1890 2710 magis

267 2718 320 2757 ad
372 2719 575 2769 pietatem
624 2720 968 2761 inflammentur.
1019 2722 1086 2762 Ad
1134 2723 1241 2762 haec
1288 2724 1417 2763 multi
1464 2724 1642 2775 saepius
1692 2724 1889 2775 quolibet

268 2794 417 2823 mense
446 2796 527 2824 sua
557 2788 733 2836 peccata
761 2787 958 2826 confiteri
989 2787 1146 2828 solent.
1178 2787 1288 2827 Acta
1316 2790 1382 2828 est
1412 2788 1587 2839 Iosephi
1617 2788 1888 2828 commoedia

267 2859 364 2887 cum
398 2848 566 2899 ingenti
614 2853 910 2901 spectatorum
957 2851 1280 2902 episcoporum,
1331 2854 1602 2904 magnatum,
1651 2853 1886 2901 nobilium,

336 3003 354 3021 a
383 2995 502 3027 scolas
524 2994 571 3028 A.
596 3014 635 3018 —
659 2996 678 3022 b
706 2996 1021 3038 frequentantium
1044 2996 1090 3029 A.
1108 3016 1146 3019 —
1165 3006 1180 3024 c
1211 2998 1392 3030 cristiana
1413 2998 1460 3031 A.
1485 3017 1523 3020 —
1547 2998 1564 3025 d
1586 2999 1748 3039 tempore
1762 3007 1889 3040 supra

266 3055 381 3083 vers„
403 3047 524 3079 deleto
548 3057 646 3089 ergo,
671 3049 774 3089 quod
795 3051 852 3081 est
868 3049 912 3081 in
927 3049 971 3082 B.
990 3068 1028 3071 —
1046 3058 1062 3076 e
1089 3049 1309 3082 dessiiuisse
1331 3050 1376 3087 A,
1393 3050 1438 3084 B.
