2028 3531
325 258 393 292 502
800 259 1003 296 Lir‘rmmss
1030 261 1375 303 QUADRIMESTRES

357 376 421 415 021.
457 377 688 416 lnstitutae
732 378 910 417 fuerunt
952 378 1202 427 rogationes
1247 377 1290 415 in
1322 376 1485 427 templo
1515 378 1665 415 nostro
1696 377 1803 416 feria
1833 389 1896 418 se-

278 440 423 479 cunda
454 441 802 493 vniuscuiusque
832 443 1133 481 hebdomadae
1166 453 1291 480 mane
1321 452 1456 480 suasu
1489 441 1716 481 Rdissimi.
1749 441 1897 481 Cardi-

279 505 395 544 nalis
418 505 541 557 Hosij
567 518 643 556 pro
665 507 808 546 soelici
830 507 1030 557 auspicio
1051 509 1181 557 atque
1205 517 1437 556 progressu
1464 506 1683 555 generalis
1703 506 1895 557 concilij,

279 581 445 620 proque
482 572 819 611 conseruatione
857 572 994 611 totius
1032 571 1246 610 Ecclesiae
1283 570 1541 617 catholicae,
1573 581 1622 609 ac
1651 582 1800 610 eorum
1834 583 1896 610 re-

278 634 486 673 ductione
515 635 569 674 ad
599 637 781 675 matrem
813 638 1025 683 nostram,
1057 636 1133 686 qui
1166 635 1321 673 misere
1351 647 1375 673 a
1405 633 1581 674 Christo
1601 634 1784 686 eiusque
1814 635 1897 674 fide

279 699 331 737 ad
364 699 522 738 sathan
553 711 603 738 ac
633 700 766 751 impia
799 701 921 740 illius
951 701 1157 749 dogmata
1187 699 1453 738 defecerunt.
1496 698 1714 738 Exaudiat
1743 699 1898 739 diuina

280 764 457 803 bonitas
488 776 636 814 preces
666 765 903 804 humilium
936 778 1012 816 pro
1044 777 1087 804 re
1116 767 1240 803 tanta
1270 775 1467 804 suorum.

358 828 422 867 ⁸22,
456 829 756 869 Decantantur
799 842 917 869 more
959 830 1091 868 solito
1125 829 1329 875 letaniae,
1362 829 1477 867 intra
1520 828 1729 867 ecclesiae
1758 829 1898 868 ambi-

279 894 388 940 tum,
420 894 476 932 ab
518 894 874 934 adolescentibus
919 895 1024 934 noui
1068 893 1258 944 collegij,
1291 905 1403 944 quos
1445 893 1627 943 quidam
1669 905 1692 932 e
1734 893 1900 932 nostris

279 957 438 997 iuuant
468 960 599 1010 atque
619 959 831 1010 dirigunt.
858 960 1062 999 Interfuit
1084 959 1174 998 illis
1196 959 1379 1008 ipsemet
1399 957 1571 997 Card.liS
1600 958 1740 1005 ΒΑΜ-’5,
1762 970 1900 1009 quan-

279 1022 356 1062 diu
388 1023 459 1062 hic
489 1024 586 1072 fuit,
620 1036 819 1063 summae
861 1024 1092 1064 cuiusdam
1138 1023 1367 1073 religionis
1396 1034 1512 1073 ergo,
1548 1022 1823 1074 curauitque,
1856 1025 1901 1062 vt

279 1087 355 1139 alij
386 1088 516 1127 etiam
550 1089 734 1139 praelati
766 1089 1042 1128 interessent.
1077 1089 1136 1127 Ea
1167 1099 1268 1126 vero
1299 1088 1381 1127 fuit
1425 1087 1561 1126 huius
1600 1088 1740 1126 nostri
1768 1087 1897 1137 officij

279 1152 434 1202 pietas,
466 1153 634 1203 opinio,
666 1156 798 1204 atque
840 1154 1059 1193 sententia
1104 1152 1438 1203 praememorati
1483 1151 1579 1192 Rmi
1626 1150 1822 1197 Cardstis,
1854 1154 1900 1191 vt

279 1217 455 1267 publice
484 1218 667 1257 diceret:
701 1218 808 1258 Ecce
836 1218 1165 1269 quamprimum
1188 1229 1268 1256 uos
1297 1217 1534 1256 laetaniam
1555 1216 1777 1267 coepistis,
1800 1228 1901 1255 con-

279 1281 368 1333 cilij
401 1283 645 1334 oecumenij
691 1295 839 1329 causa,
871 1283 1118 1329 decantare,
1151 1281 1301 1320 omnia
1334 1283 1573 1331 coeperunt
1601 1282 1718 1320 recto
1747 1280 1901 1320 ordine

280 1346 535 1396 procedere;
568 1349 760 1398 suntque
790 1347 975 1386 vbertim
1007 1347 1137 1385 nobis
1171 1346 1362 1397 vndique
1406 1346 1572 1396 optima
1602 1345 1736 1384 allata
1766 1357 1897 1384 noua.

279 1411 421 1451 Tanta
451 1424 555 1451 uero
586 1412 746 1463 pietate
776 1412 1034 1452 Societatem
1072 1414 1284 1455 nostram,
1317 1423 1486 1462 nosque
1528 1422 1682 1450 omnes
1726 1410 1900 1460 praesul

280 1476 351 1515 hic
395 1477 590 1527 optimus
639 1477 933 1528 prosequitur,
971 1479 1019 1516 ut
1056 1476 1191 1528 hin[c]
1242 1475 1500 1515 Tridentum
1548 1475 1770 1514 discedere
1812 1486 1901 1514 non

279 1541 404 1592 prius
434 1542 640 1589 uoluerit,
671 1554 804 1593 quam
847 1542 1083 1592 collegium
1126 1543 1327 1580 nostrum
1372 1540 1599 1587 inuiseret,
1631 1551 1828 1591 seseque,
1860 1542 1901 1579 et

279 1617 459 1645 causam
491 1606 720 1657 religionis
752 1607 954 1657 precibus
984 1607 1149 1645 nostris
1178 1605 1520 1645 commendaret.

359 1671 422 1711 023.
454 1671 641 1710 Excitati
673 1673 895 1722 praeterea
926 1671 1233 1721 rogationibus
1268 1670 1367 1709 istis
1410 1672 1623 1721 quantum
1655 1670 1786 1709 datur
1815 1669 1902 1708 col-

279 1735 374 1786 ligi,
407 1736 586 1775 fuerunt
628 1748 718 1775 non
749 1735 876 1786 pauci
909 1736 1186 1781 viennenses,
1219 1735 1294 1786 qui
1339 1736 1450 1774 forte
1493 1735 1593 1785 plus
1635 1746 1776 1785 aequo
1805 1734 1902 1773 dor—

280 1801 481 1840 mierant.
515 1800 819 1840 Cantabantur
847 1803 976 1839 antea
1006 1800 1223 1839 laetaniae
1267 1800 1424 1839 diebus
1457 1800 1635 1851 quidem
1666 1799 1902 1839 dominicis

280 1867 322 1904 et
351 1865 490 1913 festis,
523 1867 621 1916 post
652 1877 879 1916 vesperas;
903 1865 1151 1904 sabbatinis
1175 1877 1275 1904 vero
1297 1867 1428 1915 atque
1448 1866 1703 1904 sanctorum
1734 1863 1902 1915 vigiliJ's

278 1932 380 1969 ante
418 1932 682 1969 nocturnam
724 1930 1036 1969 salutationem
1081 1930 1342 1980 angelicam,
1391 1929 1589 1969 eamdem
1628 1929 1684 1968 ob
1722 1940 1902 1968 causam

280 1994 529 2045 praecipue,
552 1995 670 2045 quod
691 1994 824 2034 etiam
846 2006 950 2034 num
974 2006 1063 2033 non
1084 1995 1179 2034 sine
1200 1996 1437 2045 augmento
1459 1993 1646 2033 feruoris
1670 1993 1902 2033 christiani

280 2059 433 2110 populi
462 2060 738 2099 obseruatur.
771 2060 855 2099 Sed
886 2062 1032 2099 tamen
1064 2060 1208 2099 visum
1244 2060 1326 2099 hoc
1355 2062 1550 2110 tempore
1580 2059 1663 2099 fuit
1693 2059 1800 2098 R.m0
1829 2070 1902 2098 su-

281 2124 430 2174 perius
473 2123 590 2163 dicto
633 2124 792 2175 legato,
825 2136 875 2163 ac
918 2124 968 2163 R.
1007 2124 1054 2163 P.
1088 2124 1370 2174 prouinciali,
1402 2123 1478 2175 qui
1523 2125 1628 2162 tunc
1671 2123 1782 2162 forte
1824 2134 1902 2173 pro

282 2200 401 2228 more
444 2188 709 2228 uisitaturus
752 2188 989 2239 collegium
1032 2189 1114 2227 hoc
1157 2191 1358 2228 nostrum
1401 2189 1566 2236 aderat,
1599 2190 1643 2227 vt
1671 2188 1742 2227 die
1770 2188 1903 2227 lunae

281 2256 381 2304 post
411 2265 500 2292 rem
531 2265 717 2300 sacram,
749 2265 881 2304 quam
911 2253 1101 2293 studiosi
1131 2265 1285 2294 omnes
1326 2253 1465 2292 nostri
1495 2253 1669 2304 collegi]
1701 2253 1754 2292 de
1783 2263 1903 2292 more

280 2319 498 2369 quottidie
529 2318 749 2370 [audiunt]
771 2326 804 2366 ³,
837 2319 920 2358 hoc
963 2318 1078 2358 idem
1121 2319 1176 2357 ad
1219 2319 1489 2358 destinatum
1519 2318 1700 2369 aliquod
1730 2320 1903 2368 tempus

281 2383 450 2435 fiere[t].
495 2383 805 2433 Quamobrem,
850 2383 989 2422 donec
1022 2383 1145 2423 aliud
1189 2384 1319 2423 nobis
1361 2384 1417 2422 ab
1459 2383 1610 2422 eodem
1642 2383 1689 2422 P.
1725 2382 1902 2433 prouin-

281 2448 383 2488 ciali
413 2448 701 2499 significetur,
733 2450 935 2487 sanctum
966 2448 1049 2487 hoc
1078 2448 1330 2488 institutum
1380 2447 1603 2487 mordicus
1646 2447 1899 2487 retinemus.

360 2513 425 2553 ⁰24.
459 2513 553 2552 Hoc
585 2513 737 2552 eodem
781 2515 975 2564 tempore
1018 2515 1158 2552 totum
1201 2513 1437 2564 collegium
1479 2513 1719 2552 viennense
1761 2511 1904 2562 coepit

281 2578 397 2618 inter
425 2578 625 2629 priuatos
655 2578 859 2629 parietes,
890 2578 1005 2617 circa
1035 2579 1178 2618 noctis
1208 2578 1362 2617 horam
1392 2581 1612 2626 octauam,
1634 2577 1900 2629 disciplinis,

281 2646 328 2683 vt
357 2645 533 2691 uocant,
565 2655 725 2694 corpus
755 2654 990 2691 macerare,
1013 2655 1063 2682 ac
1093 2643 1299 2693 laetanijs
1328 2643 1512 2683 eandem
1542 2643 1599 2683 ob
1627 2654 1807 2683 causam
1828 2654 1903 2693 po-

280 2708 521 2755 tissimum,
545 2707 767 2759 ⁴religione
801 2719 851 2747 ac
884 2719 1068 2758 syncero
1111 2707 1269 2747 affectu
1313 2708 1519 2747 diuinum
1563 2707 1796 2754 auxilium,
1828 2718 1904 2757 per

282 2773 438 2812 merita
481 2775 523 2812 et
566 2772 929 2812 intercessionem
971 2774 1241 2820 sanctorum,
1274 2772 1526 2823 implorare,
1558 2772 1602 2811 id
1635 2772 1753 2823 quod
1783 2772 1905 2811 labo-

282 2836 445 2877 riosius
462 2837 509 2876 in
529 2837 612 2876 hoc
632 2848 790 2888 genere
812 2835 987 2887 pietatis
1008 2835 1199 2883 uidetur,
1224 2836 1270 2875 in
1286 2836 1490 2887 singulos
1510 2836 1704 2888 collegas
1727 2837 1902 2875 nostros

343 3021 361 3039 a
382 3013 462 3045 Hoc
484 3014 555 3045 aut
576 3012 707 3045 simile
730 3012 894 3045 verbum
916 3011 1172 3044 desideratur
1193 3013 1235 3044 in
1261 3022 1331 3045 ms.
