2028 3531
626 296 707 331 536.
739 317 776 321 -
806 295 989 332 COLONIA
1015 295 1038 330 4
1064 294 1169 331 IUN11
1198 295 1284 330 1561
1657 299 1727 333 3455

140 410 366 462 Septimus
408 412 585 452 demum
629 413 810 465 quidam
855 413 1018 463 anglus
1046 415 1127 459 est,
1172 414 1379 453 sacerdos
1408 416 1449 453 et
1479 415 1639 454 artium
1683 429 1772 456 ma-

140 470 291 527 gister,
323 476 399 528 qui
430 488 476 516 se
508 480 684 529 propter
713 478 930 518 haeresim
959 478 1004 517 in
1037 478 1201 529 Anglia
1230 481 1507 528 grassantem
1539 480 1718 527 longius
1738 490 1771 525 ²¹,

139 543 182 580 et
211 542 483 581 saeuientem
527 543 727 594 grauius,
760 544 804 583 in
836 544 918 583 has
958 546 1104 594 partes
1148 544 1379 594 importari
1423 544 1568 584 iussit.
1603 545 1680 584 Vir
1709 549 1771 585 est

139 617 220 646 sua
250 606 406 658 lingua
435 608 643 655 disertus,
676 609 721 648 in
755 609 1039 660 philosophia
1070 610 1349 649 mediocriter
1393 613 1608 657 versatus,
1640 624 1771 662 quam

140 671 185 710 in
215 672 449 712 oxoniensi
480 674 706 737 academia
735 674 888 725 aliquo
918 677 1113 725 tempore
1144 675 1371 725 professus
1400 677 1481 722 est,
1504 678 1545 715 et
1568 676 1612 714 in
1635 676 1774 715 sacris

139 735 281 776 literis
309 738 527 788 quaedam
559 739 715 779 iecisse
746 739 876 779 initia
906 740 1082 780 videtur
1112 742 1140 780 ¹.

217 802 254 841 ὃ.
289 803 434 843 Verno
465 806 660 855 tempore
690 805 815 844 missi
838 808 942 845 sunt
967 806 1179 857 plerique,
1203 807 1364 856 partim
1395 806 1440 846 in
1472 807 1771 850 Germaniam,

138 868 231 906 tum
262 869 551 919 superiorem,
584 873 675 910 tum
712 870 991 917 inferiorem;
1025 873 1186 922 partim
1216 872 1347 911 etiam
1382 872 1428 911 in
1458 872 1635 912 Vrbem.
1669 872 1773 911 Tor-

138 943 297 972 nacum
327 934 506 984 quidem
550 947 661 975 vnus
691 948 713 975 e
743 936 1064 983 sacerdotibus,
1106 939 1266 976 artium
1302 937 1512 988 magister
1542 938 1625 977 hoc
1654 950 1775 977 anno

136 997 334 1044 effectus,
367 999 422 1038 ad
452 1001 756 1040 confessiones
785 1001 1033 1041 audiendas
1064 1001 1228 1041 missus
1258 1005 1323 1041 est
1352 1003 1382 1047 2,
1415 1003 1491 1053 qui
1522 1015 1611 1042 non
1643 1003 1773 1042 modo

136 1062 191 1101 ad
223 1062 265 1102 id
298 1064 476 1104 futurus
505 1068 570 1105 est
594 1066 729 1113 vulis.
753 1067 828 1106 sed
851 1067 983 1106 etiam
1007 1067 1061 1106 ad
1093 1067 1233 1106 multa
1254 1068 1342 1106 alia
1365 1068 1599 1107 Societatis
1619 1068 1770 1117 offitia,

136 1127 191 1166 ad
222 1140 335 1178 quae
364 1129 489 1169 illum
525 1133 683 1170 natura
731 1143 997 1182 propensum
1043 1132 1343 1180 adue1·ti1nus;
1376 1133 1465 1172 duo
1504 1133 1771 1177 Louanium,

138 1193 187 1233 R.
218 1193 290 1234 Pr.
323 1195 371 1234 D.
403 1195 614 1235 Nicolaus
635 1196 882 1236 Gaudanus
902 1209 999 1237 cum
1026 1198 1158 1237 fratre
1182 1210 1267 1236 vno
1291 1198 1563 1238 valetudinis
1593 1210 1774 1237 seruan—

135 1258 217 1298 dae
237 1261 403 1310 gratia:
437 1260 654 1300 Treueros
676 1265 779 1309 tres,
803 1274 993 1314 quorum
1020 1263 1109 1302 duo
1139 1265 1246 1303 sunt
1266 1264 1427 1303 artium
1452 1264 1668 1315 magistrj.
1693 1266 1774 1302 ter—

137 1324 226 1364 tius
250 1336 351 1364 vero
372 1326 545 1376 logicus
576 1328 613 1367 ³:
640 1327 923 1367 Monaehium
945 1328 1144 1379 quinque
1167 1329 1213 1367 in
1235 1329 1400 1379 quibus
1422 1341 1540 1368 unus
1571 1328 1588 1353 Ι)
1610 1329 1772 1367 artium

134 1392 228 1429 erat
274 1391 496 1441 magister,
538 1393 697 1444 reliqui
744 1393 1048 1433 adolescentes
1090 1397 1210 1438 sunl,
1244 1394 1588 1434 humanioribus
1632 1394 1773 1434 literis

134 1467 312 1506 operam
344 1457 508 1508 daturj,
540 1458 616 1509 qui
661 1470 756 1498 eain
800 1459 857 1497 ob
902 1471 990 1498 rem
1037 1472 1062 1498 a
1093 1460 1142 1500 R.
1177 1460 1271 1499 Pre.
1305 1460 1356 1499 D.
1390 1460 1666 1499 Theodorico
1696 1460 1774 1499 Ca-

136 1522 265 1573 nysio
309 1524 488 1562 fuerunt
531 1524 737 1574 expetiti3
782 1526 873 1564 tres
916 1525 1092 1564 demum
1141 1526 1185 1564 in
1231 1526 1390 1565 Vrbem
1431 1526 1611 1576 profecti
1643 1528 1769 1571 sunt;

137 1598 250 1626 vnus
281 1588 335 1627 M.
370 1588 528 1628 Petrus
558 1589 863 1630 Coloniensis:
888 1591 1127 1633 secundus,
1151 1591 1314 1640 anglus
1335 1591 1564 1637 sacerdos;
1598 1591 1769 1633 tertius.

134 1651 408 1696 adolescens.
432 1653 508 1705 qui
539 1655 729 1705 primum
755 1655 924 1706 logicae
945 1656 1132 1701 studuit,
1156 1656 1316 1695 deinde
1338 1657 1481 1696 fat-tus
1502 1659 1564 1695 est
1596 1656 1772 1695 culinae

134 1717 398 1758 administer
426 1722 455 1759 ⁴.

151 1779 153 1781 ’
213 1784 251 1822 6.
286 1784 336 1823 R.
374 1785 439 1825 Pr.
473 1786 662 1825 Ioannes
712 1787 912 1830 Rhetius,
960 1787 1100 1826 nostri
1145 1787 1321 1839 collegij
1368 1790 1523 1829 rector.
1561 1788 1771 1826 adiuncto

133 1848 218 1888 sibi
251 1862 303 1889 ex
336 1851 546 1891 fratribus
568 1853 734 1892 nostris
753 1854 913 1892 comite
943 1855 984 1892 et
1005 1853 1126 1893 socio
1149 1853 1423 1904 Moguntiam
1445 1855 1667 1905 profectus
1689 1855 1768 1895 est,

136 1914 340 1964 pluribus
383 1928 407 1955 a
447 1916 633 1956 Rstissinw
675 1918 1010 1969 archiepiscopo
1061 1919 1325 1970 moguntino
1360 1921 1373 1942 5
1412 1919 1553 1958 literis
1601 1919 1771 1958 excitus

196 2060 213 2078 a
235 2052 439 2086 Item-atum.
465 2054 534 2085 secl
559 2054 631 2086 del.
658 2055 820 2096 longius,
846 2056 894 2087 et.
922 2074 959 2077 —
983 2056 1001 2081 b
1023 2065 1121 2088 unus
1145 2065 1270 2097 snpra
1306 2066 1408 2088 vers.

196 2178 206 2195 ¹
231 2177 281 2209 De
304 2187 378 2219 quo
412 2178 519 2219 plura
553 2179 685 2211 scribit
719 2179 756 2212 P.
782 2179 1038 2212 Mei-curiarius
1073 2181 1112 2224 in
1135 2181 1299 2222 epistula
1332 2181 1392 2213 die
1428 2181 1466 2213 16
1497 2181 1635 2222 Aprilis
1669 2181 1768 2213 data.

133 2230 199 2271 (Cf.
224 2231 371 2263 Laim‘i
403 2232 578 2265 Monam.
604 2233 646 2271 V,
670 2234 815 2273 486-87),
851 2243 986 2267 nomen
1010 2244 1096 2267 vero
1130 2235 1284 2267 omittit.
1320 2235 1475 2267 Romam
1509 2244 1593 2267 cum
1624 2235 1769 2267 duobus

133 2284 219 2317 aliis
243 2285 356 2317 sociis
379 2286 438 2326 (de
460 2286 600 2327 quibus
626 2287 735 2328 paulo
759 2287 933 2328 inferius)
967 2288 1122 2321 ineunte
1146 2288 1241 2321 Iulio
1265 2289 1434 2330 pervenit
1467 2288 1578 2329 (ibid.
1603 2289 1768 2325 eol-1502).

133 2338 174 2370 In
198 2339 276 2371 cod.
303 2339 410 2372 Rom.
438 2339 503 2371 78b
524 2341 574 2372 n⁰.
599 2341 634 2372 21
662 2342 785 2373 exstat
809 2341 1003 2383 catalogus
1037 2342 1223 2374 sociorum
1246 2342 1311 2384 qui
1337 2342 1376 2374 in
1404 2341 1539 2374 Urbem
1574 2343 1767 2375 venerunt.

132 2393 199 2424 aut
222 2401 266 2424 ex
301 2392 398 2425 Urbe
422 2393 496 2425 alio
531 2394 637 2426 missi
663 2396 752 2426 sunt
786 2395 930 2427 aestate
953 2396 989 2427 et
1024 2397 1207 2428 autumno
1232 2396 1323 2428 1561.
1360 2396 1428 2428 Hic
1453 2395 1523 2427 sub
1553 2405 1707 2427 numero
1730 2396 1766 2427 21

131 2447 346 2478 recensetur
385 2459 400 2475 «
424 2447 452 2479 Il
489 2447 545 2480 Re
569 2447 731 2480 Thomas
765 2448 911 2489 Inglese
944 2449 1013 2481 che
1046 2458 1170 2481 uenne
1203 2449 1241 2481 di
1276 2449 1430 2481 Colonia
1454 2462 1484 2481 ».
1512 2449 1666 2481 Videtur
1689 2457 1769 2480 esse

132 2498 170 2531 P.
195 2499 356 2531 Thomas
392 2500 490 2542 King
523 2501 675 2542 (Kinge)
698 2501 742 2533 de
765 2511 840 2543 quo
874 2502 1002 2543 agitur
1025 2502 1064 2534 in
1097 2502 1223 2544 Epist.
1248 2502 1292 2534 P.
1318 2501 1465 2535 Nadal,
1503 2502 1547 2541 II,
1571 2502 1707 2535 587-88:
1733 2503 1767 2533 et

132 2553 230 2594 apud
255 2552 375 2585 Fotmv
412 2554 600 2593 (Records
634 2555 678 2595 of
706 2555 767 2587 tlte
801 2555 971 2593 Ensslish
996 2555 1190 2588 Ρνοιυῗηοθ
1225 2556 1270 2597 of
1298 2556 1358 2588 tlte
1382 2555 1535 2597 Societgs
1561 2555 1766 2596 of-Iesus).

132 2607 203 2639 vol.
228 2606 306 2647 VII,
333 2607 418 2640 Part
441 2607 506 2640 the
539 2607 619 2640 first
653 2609 832 2649 (London‚
860 2610 954 2649 1882)
987 2619 1072 2651 pag.
1096 2610 1180 2645 419:
1206 2610 1291 2642 Part
1327 2610 1390 2642 the
1414 2610 1549 2642 second
1586 2610 1766 2650 (Londom

133 2660 240 2700 1883),
273 2670 304 2702 p.
331 2661 479 2694 1437-38.

193 2715 206 2733 ²
229 2713 266 2747 P.
292 2713 477 2747 Henrieus
500 2724 521 2747 a
546 2715 705 2755 Quercu.
731 2715 782 2749 Cf.
808 2716 973 2755 HANSEN‚
998 2717 1021 2749 l.
1047 2725 1078 2749 c.
1102 2717 1175 2757 396,
1201 2718 1329 2749 annot.
1356 2719 1384 2749 1.

194 2769 206 2786 ³
229 2767 338 2800 quta
361 2768 525 2808 Hansen,
551 2769 574 2801 l.
600 2778 634 2801 c:
655 2779 690 2811 p.
714 2770 786 2807 394,
812 2771 941 2803 annot.
959 2771 989 2809 ⁶2,
1009 2770 1223 2802 bitu-erunt
1248 2770 1292 2803 M.
1318 2771 1473 2803 Iodocus
1497 2770 1610 2811 Septi,
1637 2770 1680 2802 M.
1707 2770 1769 2802 Pe—

132 2822 212 2853 trus
237 2820 392 2854 Michael
416 2823 452 2854 et
476 2822 585 2855 Iacob
609 2823 747 2856 Mfintz.

194 2875 206 2893 ⁴
228 2874 378 2907 Praeter
393 2876 622 2908 sacerdotem
639 2877 804 2918 anglum,
822 2877 867 2910 de
883 2886 958 2919 quo
971 2886 1085 2919 supra
1102 2878 1141 2910 in
1158 2879 1285 2910 annot.
1300 2879 1320 2909 4
1332 2878 1509 2916 diximus,
1524 2877 1768 2909 nominantur

132 2927 170 2959 in
193 2927 340 2959 Laim't'
362 2927 550 2969 Monam„
575 2929 618 2969 V,
643 2930 794 2970 601-60.⁶2‚
820 2930 952 2962 Petrus
976 2930 1223 2969 Coloniensis‚
1249 2940 1315 2963 seu
1350 2930 1481 2962 Petrus
1506 2930 1706 2971 Hauptius,
1730 2932 1765 2961 et

131 2980 262 3013 Petrus
285 2981 499 3021 leodiensis,
524 2991 635 3024 quem
658 2992 703 3015 ex
727 2983 787 3015 his
810 2993 907 3025 quae
931 2983 968 3016 P.
995 2984 1277 3025 Braunsberger
1299 2983 1360 3024 (B.
1387 2983 1430 3015 Ρ.
1459 2983 1617 3015 Canisz’i
1639 2983 1765 3024 Epist.

132 3033 194 3074 III,
218 3034 294 3075 358)
317 3035 478 3076 collegit,
503 3037 658 3077 apparet
679 3045 761 3069 esse
785 3037 822 3068 P.
847 3037 1102 3070 Bracherium.

194 3090 206 3106 ⁵
229 3088 361 3120 Daniel
383 3088 541 3121 Brendel
564 3090 609 3122 de
632 3089 836 3132 Homburg.
