2028 3531
345 257 415 294 480
818 260 1022 298 errssnm
1056 262 1401 306 QUAannsi-flns

295 377 464 417 seruito
484 389 566 417 con
596 377 639 418 la
666 390 748 419 sua
775 379 1086 430 copiosissima
1115 379 1256 429 gratia
1285 378 1500 430 disporgli
1530 391 1554 419 a
1583 379 1777 421 riceuere
1798 393 1916 434 mag·

297 440 419 492 giore
462 442 579 482 lume
607 445 650 483 et
679 443 755 494 piu
797 444 949 483 chiara
977 444 1229 493 cognitione
1257 442 1581 484 dell'instituto
1608 444 1655 484 di
1684 445 1846 496 quella.
1880 444 1916 486 Il

296 505 377 546 che
419 507 677 558 preghiamo
707 508 757 548 V.
791 508 837 549 P.
870 509 920 548 R.
954 508 1103 559 uoglia
1146 508 1379 557 impetrat-e
1407 519 1433 547 a
1462 508 1557 548 loro
1598 509 1655 548 da
1684 509 1728 549 la
1760 510 1916 550 diuina

297 569 447 617 bont-³1,
478 574 520 611 et
555 583 582 611 a
625 573 698 612 noi
728 573 773 612 di
802 584 972 623 sempr-e
999 584 1144 612 essere
1175 584 1234 611 un
1264 572 1372 611 uiuo
1401 573 1620 624 essempio
1648 574 1693 613 di
1724 574 1845 615 uirtu
1872 576 1916 615 et

297 634 391 674 uita
432 636 644 676 cristiana
685 637 762 677 alli
801 637 1023 688 prossimi,
1055 636 1346 676 desiderando
1373 639 1416 676 et
1444 637 1722 687 procurando
1750 638 1793 678 la
1821 638 1917 679 loro

297 699 440 739 salute
482 712 559 752 per
600 702 811 741 l'honore
839 704 881 741 et
910 701 1051 753 gloria
1080 701 1124 740 di
1154 701 1250 740 Dio.
1283 701 1337 740 Di
1367 701 1479 741 Nola
1508 701 1539 741 il
1569 701 1712 753 primo
1740 703 1785 743 di
1822 703 1915 744 Set-

297 763 464 804 tembre
494 765 688 807 MDLXI.

405 829 487 868 Per
513 831 826 870 commissione
855 830 924 870 del
955 831 1005 870 R.
1040 831 1086 869 P.
1121 830 1296 869 Rettore
1325 832 1477 870 nostro
1506 833 1534 870 ¹.

404 893 457 933 Di
488 894 538 934 V.
573 894 618 936 P.
650 896 699 936 R.
730 895 1051 947 indegnissimo
1081 906 1211 934 seruo
1241 895 1285 934 in
1317 893 1508 935 Christo.

1326 1000 1544 1041 THOMAso
1574 1001 1750 1042 RAoom
1778 1003 1808 1043 ².

1053 1247 1162 1297 567

634 1386 951 1438 ERASMUS
1005 1387 1340 1438 VOLKERO
1393 1388 1583 1438 SAXO

748 1523 942 1549 PANORMO
971 1513 988 1549 1
1017 1523 1264 1550 SEPTEMBRIS
1292 1514 1380 1550 1561
1408 1514 1432 1550 ³.

298 1634 336 1669 1.
367 1631 599 1670 Sociorum
640 1645 872 1672 numerus.
919 1633 1076 1672 Omnes
1105 1646 1185 1672 suo
1215 1646 1399 1673 munere
1428 1634 1666 1685 diligenter
1693 1636 1825 1685 fungi
1853 1647 1918 1674 co-

404 1698 591 1736 nantur.
622 1698 762 1737 Fiunt
782 1711 933 1748 preces
953 1699 992 1736 et
1012 1700 1209 1748 corporis
1239 1700 1561 1738 macerationes
1584 1712 1669 1750 pro
1698 1700 1918 1740 Ecclesiae

404 1762 444 1799 et
467 1762 646 1812 patriae
675 1762 797 1801 borio.
820 1784 871 1789 —
892 1767 932 1801 2.
962 1764 1251 1802 Noviciorum
1270 1764 1489 1803 sedulitas
1510 1766 1558 1803 in
1579 1765 1792 1815 religiosa
1816 1777 1916 1815 per-

404 1827 588 1875 fectione
617 1828 902 1877 acquirenda.
927 1850 971 1854 —
998 1832 1038 1866 3.
1064 1827 1297 1867 Contiones
1317 1829 1357 1867 et
1377 1829 1628 1868 catecheses,
1652 1851 1702 1856 —
1721 1833 1765 1868 4.
1781 1829 1917 1869 Fruc-

406 1892 478 1929 tus
498 1904 550 1930 ex
566 1894 862 1931 sacramentis
884 1893 1074 1942 aliisque
1096 1894 1364 1933 ministeriis
1377 1895 1625 1944 perceptus.
1645 1894 1918 1945 Spiritualia

405 1958 615 1996 emercitia
645 1970 671 1995 a
701 1957 902 2005 diversis,
934 1971 1033 1996 cum
1063 1960 1187 2006 viris,
1220 1960 1314 1997 tum
1343 1960 1525 2009 feminis
1562 1960 1792 2010 singulari
1814 1972 1917 2010 pro-

404 2023 519 2071 fecta
543 2023 739 2071 peracta.
763 2044 812 2048 —
838 2026 879 2060 5.
909 2023 996 2061 Pia
1025 2023 1244 2062 sodalitas
1273 2036 1300 2062 a
1329 2025 1461 2063 sociis
1490 2024 1702 2063 instituta
1729 2037 1917 2064 numero

405 2088 443 2125 et
472 2089 663 2136 spiritus
692 2088 864 2136 fervore
893 2089 1059 2126 crescit.
1094 2110 1141 2114 —
1172 2093 1213 2127 6.
1244 2090 1399 2128 Pauca
1428 2090 1478 2128 ele
1508 2090 1688 2139 collegio
1731 2090 1918 2129 Montis-

405 2152 587 2201 regalis.

380 2274 416 2312 1.
448 2275 476 2323 †
506 2274 597 2313 Pax
627 2273 805 2314 Christi.
839 2274 1087 2326 [Promittit
1116 2289 1160 2315 se
1191 2277 1378 2317 breviter
1398 2279 1437 2316 et
1457 2279 1576 2317 clare
1604 2276 1914 2328 scripturum]

301 2338 349 2379 Ci
379 2339 646 2378 retrouiamo
676 2339 722 2378 in
752 2341 908 2389 questo
938 2340 1123 2391 collegio
1153 2341 1218 2389 55,
1250 2341 1282 2380 li
1313 2342 1436 2392 quali
1465 2353 1548 2382 con
1577 2342 1618 2381 le
1647 2342 1817 2381 rendite
1846 2341 1916 2381 del

299 2403 489 2455 preditto
518 2404 705 2454 collegio
736 2404 928 2444 uiueino.
958 2405 1039 2443 Fra
1059 2405 1090 2444 11
1112 2406 1234 2456 quali
1263 2418 1325 2445 un
1355 2407 1580 2446 sacerdote
1607 2418 1690 2446 con
1718 2408 1783 2446 tre
1814 2405 1916 2446 laici

300 2470 367 2508 sta
396 2468 469 2507 nel
498 2470 649 2507 nostro
679 2468 800 2519 fego;
833 2469 864 2507 li
895 2469 995 2508 altri
1025 2470 1072 2508 51
1104 2472 1180 2520 qui
1211 2470 1257 2509 in
1288 2471 1504 2520 Palermo,
1535 2473 1659 2523 parte
1686 2471 1760 2511 nel
1788 2471 1918 2511 colle-

300 2533 388 2584 gio,
411 2535 533 2584 parte
553 2532 601 2572 in
620 2544 722 2572 casa
742 2533 848 2572 delli
868 2534 1045 2585 nouitij,
1073 2535 1186 2585 parti
1216 2536 1410 2575 anchora
1439 2537 1558 2576 nella
1585 2538 1738 2576 nostra
1767 2536 1914 2585 uinea,

299 2598 343 2637 la
372 2597 495 2648 quali
525 2597 556 2637 11
587 2598 697 2637 mesi
726 2598 893 2649 passati
924 2610 1237 2649 comprammo.
1276 2600 1414 2650 Tutti,
1454 2613 1532 2652 per
1568 2601 1712 2653 gratia
1744 2601 1814 2640 del
1851 2600 1918 2641 Si-

300 2673 450 2714 gnore,
482 2664 643 2702 stanno
672 2663 798 2711 bene,
830 2663 998 2702 henche
1036 2663 1183 2704 alcuni
1223 2677 1299 2716 per
1332 2666 1477 2716 questi
1511 2666 1626 2706 caldi
1655 2666 1783 2706 siano
1812 2665 1916 2705 stati

362 2821 373 2839 ¹
398 2820 555 2852 Ioannes
581 2820 764 2861 Montoya.

361 2875 373 2893 ²
396 2872 488 2905 Vide
510 2872 605 2905 Litt.
635 2871 839 2912 Quadrim.
865 2872 924 2912 VI,
949 2874 1019 2906 619.

361 2927 374 2945 ⁸
396 2925 449 2958 Ex
481 2925 655 2966 originali
680 2925 747 2966 (A)
771 2926 810 2957 in
844 2926 921 2958 cod.
947 2926 1014 2958 Sic
1036 2927 1118 2964 181,
1153 2928 1188 2960 ff.
1213 2929 1371 2969 246-2473
1407 2930 1511 2971 prius
1537 2930 1643 2962 38-39.
1668 2929 1917 2971 Subsequitur

300 2978 402 3011 aliud
425 2978 632 3019 exemplum
654 2978 719 3019 (B)
743 2978 782 3010 in
804 2978 840 3011 ff.
865 2979 1011 3012 248—249.
1037 2980 1092 3011 Ab
1115 2982 1265 3014 auctore
1288 2982 1436 3015 italicae
1457 2982 1609 3025 linguae
1631 2990 1761 3024 parum
1796 2982 1916 3024 perito

301 3031 440 3072 scripta
462 3031 624 3072 epistula
646 3031 874 3063 soloecismis
899 3032 1027 3064 scatet.
