2028 3531
500 268 578 303 491.
607 288 651 292 —
680 267 918 302 anossoxA
953 267 993 301 14
1019 265 1248 301 FEBRUARH
1282 266 1365 300 [5451
1641 266 1705 300 1:39

121 386 300 437 quidem
330 388 371 425 et
401 385 475 435 alij
508 385 597 425 duo
627 385 879 424 sacerdotes
900 389 928 427 ¹.
953 387 999 424 ut
1026 387 1091 424 est
1114 384 1160 424 P.
1187 383 1544 425 Bartholomeus.
1572 384 1647 422 sed
1684 384 1758 422 ille

122 451 374 501 imperfecte
416 450 563 490 adhuc
610 450 810 501 loquitur
852 449 1125 501 germanice;
1177 449 1288 488 alter
1331 449 1375 488 Ρ.
1415 447 1650 493 Henricus,
1683 448 1758 487 ille

121 516 327 567 gallicam
358 515 507 567 potius
552 515 665 555 calet
708 515 933 566 linguam;
984 514 1143 554 deinde
1173 526 1272 554 cum
1313 513 1459 553 adhuc
1507 512 1757 552 studiorum

119 593 296 621 cursum
330 593 419 620 non
449 581 742 627 absoluerint‚
775 581 823 620 P.
858 582 998 620 rector
1028 582 1179 631 parcat
1209 579 1301 619 illis
1331 590 1385 618 ne
1416 579 1461 617 in
1493 578 1572 617 illo
1621 578 1757 628 impe-

119 647 312 695 diantur,
345 649 385 686 et
417 646 597 686 nonnisi
644 646 690 685 in
734 657 895 697 magna
939 645 1202 685 necessitate
1247 644 1444 695 reliquos
1488 643 1670 689 iuuant3
1717 644 1759 681 et

120 711 333 751 iminente
363 712 449 750 iam
481 711 840 763 quadragesima,
881 722 971 750 non
1004 722 1159 761 parum
1189 710 1475 760 augebuntur
1504 708 1549 747 in
1594 707 1759 758 templo

120 776 309 823 labores,
341 777 417 816 sed
460 776 721 816 benedictus
765 776 883 815 Deus
926 775 1003 827 qui
1052 776 1097 814 in
1128 784 1145 801 ἃ
1183 777 1351 814 tantam
1397 774 1414 799 ¹³
1450 784 1636 812 messem
1676 783 1759 811 nos

120 841 256 889 misit,
290 844 335 882 ut
383 841 466 893 ocij
499 853 590 881 non
624 842 754 881 detur
782 841 921 881 locus.
956 841 1024 880 Ad
1054 840 1403 880 succurrendum
1434 838 1611 878 nonihil
1660 837 1758 877 istis

120 907 462 947 necessitatibus
490 907 790 958 cogitauimus
821 918 912 946 non
960 906 1119 945 inutile
1150 906 1257 946 fore.
1289 905 1327 944 si
1357 905 1504 944 adhuc
1547 904 1636 943 duo
1680 902 1754 951 alij

120 983 173 1011 ex
204 972 419 1012 fratribus
449 972 495 1012 in
516 972 768 1012 sacerdotes
797 972 1126 1016 ordinarentur,
1160 973 1208 1010 ut
1239 971 1439 1010 Adamus
1460 972 1592 1021 atque
1614 969 1758 1008 Pirin-

120 1048 253 1088 gerus
284 1044 314 1083 ὓς
349 1037 416 1076 illi
446 1049 547 1076 cum
596 1037 794 1088 germani
844 1037 976 1076 etiam
1021 1037 1125 1082 sint,
1158 1037 1365 1087 poterunt
1410 1034 1624 1085 paulatim
1673 1033 1759 1072 col-

120 1101 284 1153 legium
317 1102 460 1153 magis
490 1102 660 1142 iuuare.

199 1167 237 1207 2.
272 1167 556 1218 Preceptores
577 1169 618 1207 et
642 1167 841 1219 magistri
860 1166 1001 1206 nostri
1024 1167 1263 1218 diligenter
1282 1166 1393 1206 satis
1416 1167 1604 1216 pergunt
1625 1165 1670 1203 in
1694 1164 1759 1202 in—

120 1232 361 1272 stituendis
391 1233 558 1272 nostris
589 1232 818 1279 fratribus,
860 1235 992 1283 atque
1032 1232 1243 1271 omnibus
1282 1231 1467 1282 reliquis
1505 1229 1756 1281 discipulis.

120 1297 309 1337 Multum
340 1298 615 1338 meoiuditio
634 1298 913 1349 profecerunt
935 1297 1096 1349 phisici
1114 1299 1246 1348 atque
1277 1297 1434 1348 logici3
1476 1296 1635 1335 horum
1659 1295 1758 1334 dili-

121 1363 270 1413 gentia
291 1363 542 1403 excitantur
560 1375 647 1402 non
667 1375 823 1414 parum
841 1363 995 1414 plures
1007 1363 1214 1408 studiosi,
1239 1365 1287 1402 ut
1307 1362 1559 1401 desiderent
1588 1362 1758 1400 nostro-

120 1440 217 1467 rum
248 1428 461 1468 lecliones
490 1429 645 1468 audire
689 1428 731 1475 ‘¹3
752 1429 925 1468 malunt
946 1428 1085 1479 aliqui
1117 1428 1358 1479 dignitates
1389 1427 1491 1466 illas
1520 1427 1756 1478 graduum.

120 1493 474 1543 bacalaureatus‚
507 1496 583 1533 aut
618 1493 860 1545 magisterii
894 1493 1069 1541 diferre,
1102 1496 1180 1533 aut
1208 1493 1336 1544 quasi
1360 1492 1598 1543 negligere,
1623 1502 1757 1541 quam

119 1560 296 1598 nostras
326 1559 539 1599 lectiones
568 1560 783 1606 deserere,
807 1560 844 1599 si
867 1559 998 1598 modo
1020 1561 1225 1610 parentes
1255 1570 1429 1608 semper
1450 1557 1754 1608 permiterent;

119 1625 195 1664 sed
225 1625 330 1676 quia
362 1637 465 1665 uere
509 1637 663 1665 omnes
694 1626 747 1664 ad
780 1626 945 1677 gradus
984 1625 1200 1676 aspirant,
1247 1625 1400 1664 schola
1431 1626 1582 1663 nostra
1626 1634 1758 1673 saepe

119 1689 433 1729 detrimentum
464 1693 506 1729 et
526 1702 748 1730 recessum
779 1690 960 1729 illorum
991 1690 1197 1737 sustinet„
1231 1701 1310 1729 nec
1341 1689 1521 1728 modum
1552 1688 1758 1727 uidemus

118 1755 377 1795 continendi
408 1755 525 1800 illos,
557 1756 697 1795 donec
739 1756 986 1795 habeamus
1016 1755 1272 1795 facultatem
1314 1753 1605 1805 promouendi
1639 1753 1754 1792 illos.

119 1820 364 1860 Proficiunt
395 1821 571 1861 interim
603 1822 648 1860 in
684 1822 842 1872 pietate
873 1821 1002 1860 multi
1033 1833 1085 1860 ex
1116 1821 1282 1860 nostris
1316 1819 1612 1859 scholaribus.
1647 1817 1756 1858 Cum

119 1885 191 1924 his
221 1886 387 1936 elapsis
418 1886 577 1926 diebus
609 1889 886 1937 preceptores
908 1887 961 1925 de
983 1886 1192 1926 triduano
1224 1885 1392 1925 ieiunio
1413 1885 1469 1924 ad
1491 1893 1506 1909 *²
1539 1884 1755 1923 iubileum

122 1951 453 2002 percipiendum
493 1952 701 1992 fecissent
747 1952 1031 1994 mentionem,
1078 1952 1208 1991 etiam
1242 1964 1295 1991 ex
1326 1951 1493 1990 intimis
1535 1950 1757 1989 classibus

118 2018 160 2055 et
189 2016 428 2056 admodum
474 2018 692 2068 paruulis,
740 2017 864 2068 pueri
897 2018 909 2042 f
946 2017 1096 2069 plures
1140 2017 1313 2057 inuenti
1357 2018 1477 2063 sunt,
1523 2016 1600 2067 qui
1632 2015 1756 2054 nulla

119 2081 290 2121 ratione
333 2083 485 2122 induci
516 2095 541 2122 a
571 2083 832 2134 parentibus
861 2091 880 2116 ‘r'
914 2085 1132 2134 poterant,
1178 2085 1226 2122 ut
1270 2082 1363 2121 illis
1410 2082 1569 2121 diebus
1616 2092 1756 2120 come-

118 2146 272 2187 derent
301 2160 471 2193 carnes,
495 2149 571 2188 sed
611 2149 727 2188 sicco
760 2161 871 2199 [iane
901 2149 1097 2189 contenti
1128 2161 1224 2188 esse
1252 2149 1477 2188 uolebant.
1511 2148 1642 2187 Alius
1664 2147 1757 2186 illis

118 2213 262 2252 tribus
292 2214 452 2253 diebus
481 2216 536 2253 ad
566 2217 782 2265 cognatos
811 2215 1056 2254 catholicos
1087 2214 1202 2265 fugit
1248 2213 1280 2254 ¹¹.

197 2278 235 2317 3.
270 2278 501 2330 Templum
534 2282 736 2319 nostrum
760 2280 807 2319 P.
833 2282 974 2319 rector
1003 2279 1214 2319 omnibus
1246 2279 1389 2319 modis
1414 2290 1628 2318 exornare
1654 2289 1758 2317 con-

118 2344 274 2386 tendit.
306 2356 358 2384 ex
388 2357 477 2396 quo
525 2345 668 2385 nitore
697 2348 739 2385 et
769 2345 969 2385 omnium
1014 2357 1160 2385 rerum
1207 2346 1324 2384 bono
1368 2344 1523 2384 ordine
1564 2343 1756 2394 populus

180 2526 196 2543 u
218 2517 255 2548 in
286 2526 412 2557 snpra
440 2526 540 2550 ver-⁵¹.
566 2537 605 2540 —-
629 2518 647 2543 b
668 2517 751 2550 Del.
792 2518 911 2550 nobis.
941 2537 980 2540 —
1004 2526 1018 2544 c
1040 2517 1165 2549 Prius
1189 2517 1411 2549 Adamum...
1438 2517 1684 2557 Piringerum.
1717 2534 1756 2536 —

117 2570 135 2597 d
154 2570 236 2602 Del.
255 2571 320 2603 ita.
338 2590 376 2593 —
401 2581 416 2598 e
435 2572 481 2603 ad
504 2581 630 2612 supta
652 2581 750 2604 cers.
776 2591 815 2594 a
840 2573 852 2598 f
877 2572 1000 2603 Prin-s·
1025 2572 1164 2613 pueris.
1189 2590 1229 2594 ——
1251 2579 1271 2606 g
1292 2571 1374 2603 Del.
1402 2571 1541 2603 induci.
1559 2589 1598 2592 —
1624 2570 1641 2595 ¹1
1659 2569 1754 2611 fugit

117 2633 245 2663 supra
271 2633 385 2663 cer-sn,
411 2625 532 2657 deleto
556 2625 629 2656 iuit
652 2626 712 2665 (ἢ).

182 2800 190 2816 ¹
214 2798 260 2829 Hi
278 2800 384 2830 erant
409 2798 536 2830 Barth.
564 2798 715 2838 Bedula,
736 2799 922 2831 helvetius
947 2800 1086 2840 grison,
1105 2800 1142 2831 et
1167 2798 1349 2830 Henricus
1369 2798 1564 2835 Ricknian,
1594 2797 1755 2829 leodien-

118 2852 183 2888 sis,
210 2853 251 2884 ut
274 2852 464 2894 colligitur
497 2861 542 2884 ex
576 2853 758 2894 catalogis
792 2853 939 2894 collegii
974 2853 1191 2885 viennensis
1227 2852 1316 2883 anni
1355 2852 1433 2883 1559
1466 2852 1500 2883 et
1538 2851 1613 2883 1561
1650 2850 1753 2889 (Cod.

122 2904 250 2937 Germ.
276 2905 359 2941 131,
384 2905 420 2937 ff.
445 2906 518 2943 215,
543 2906 651 2945 fflssb,
676 2906 764 2946 250).

181 2959 192 2976 2
216 2958 380 2990 Adamus
405 2958 465 2990 hic
489 2967 570 2990 esse
594 2958 743 2990 videtur
766 2958 931 2990 Adamas
966 2958 1091 2990 Holler
1115 2958 1313 2998 (Homerus
1340 2957 1526 2995 Hollerus)
1559 2957 1623 2998 qui
1655 2966 1754 2989 anno

122 3011 198 3043 1557
219 3011 367 3044 Vienna
389 3011 542 3043 Romam
567 3012 705 3043 missus
729 3013 783 3044 est
808 3011 911 3051 (Cod.
941 3011 1070 3044 Germ.
1098 3010 1179 3047 131,
1206 3010 1229 3042 f.
1255 3011 1316 3042 244
1330 3010 1367 3046 v)
1401 3011 1437 3042 et
1472 3019 1570 3042 anno
1606 3011 1687 3042 1560
1709 3019 1753 3042 ex

118 3064 215 3097 Urbe
240 3064 420 3097 Viennam
445 3065 635 3097 remissus.
661 3065 712 3097 Cf.
740 3065 1047 3099 BRAL'NsBERuER.
1075 3065 1097 3097 1.
1123 3074 1153 3096 c.
1179 3064 1223 3103 II,
1250 3064 1322 3096 596.
