2028 3531
280 266 325 300 Μ
753 267 955 303 hrt-rama
989 267 1332 311 QuAnflmnsrmzs

233 384 344 424 Dum
378 397 483 425 uero
513 386 824 426 eleemosinam
855 388 1061 435 sumeret,
1093 398 1143 425 ac
1171 386 1224 424 de
1254 397 1333 424 sua
1371 385 1626 433 paupertate
1663 393 1852 433 conque-

234 451 414 492 reretur.
446 450 626 501 quidam
657 462 708 490 ex
740 451 903 490 nostris
932 450 1170 501 explicauit
1215 450 1279 488 illi
1324 447 1694 499 quemadmodum
1734 446 1851 485 Deus

232 513 371 553 soleat
403 517 577 564 peccata
605 527 656 554 eo
687 516 816 555 modo
847 516 1017 566 punire,
1051 526 1100 554 ac
1130 514 1313 565 proinde
1343 512 1640 552 necessarium
1672 511 1776 560 fore,
1804 513 1851 550 ut

233 577 323 617 Deo
354 590 428 628 per
456 580 778 619 confessionem
811 579 1182 620 reconciliaretur,
1214 579 1250 617 si
1284 578 1414 617 uellet
1446 575 1763 627 prosperiorem
1790 587 1852 614 re-

234 654 328 682 rum
360 655 541 683 suarum
572 656 823 684 successum
854 644 1058 695 experirj.
1081 646 1160 683 etc.
1189 644 1303 682 Haec
1336 641 1566 681 familiaris
1587 639 1849 686 exhortatio,

231 719 364 758 quam
394 711 619 759 acceperat
647 709 784 754 cordi,
815 720 913 748 cum
944 709 1173 751 abiuisset.
1205 719 1303 747 eum
1334 707 1388 746 ad
1421 717 1500 745 nos
1530 704 1684 751 redire,
1708 716 1852 744 suam—

231 784 316 822 que
347 772 471 811 fateri
502 773 676 823 culpam
707 773 863 824 coegit.
897 773 1003 812 Nam
1038 784 1241 812 reuersus
1272 771 1499 810 humiliter
1538 769 1715 809 ueniam
1747 769 1853 819 peti-

233 837 313 883 uit,
344 838 459 888 quod
492 840 620 877 antea
658 839 832 889 quoties
876 839 1172 887 interrogatus
1216 837 1385 876 fuisset.
1428 836 1557 875 toties
1600 834 1852 874 mentiendo

233 905 468 952 peccasset.
504 914 603 942 cum
651 903 831 942 natione
870 902 1246 953 witenbergensiS.
1279 914 1328 941 ac
1376 900 1555 940 Lutheri
1586 902 1627 938 et
1658 899 1852 949 Philippi

231 966 479 1017 discipulus
509 979 533 1006 a
564 968 719 1018 primis
748 968 879 1007 annis
899 976 932 1013 ²¹,
965 970 1194 1007 confessus
1216 977 1445 1016 nunquam
1477 964 1646 1003 fuisset.
1676 963 1756 1003 Hic
1778 963 1852 1002 ille

231 1032 440 1071 narrabat
468 1032 622 1083 quales
654 1032 908 1072 Melanthon
936 1033 1062 1083 (proh
1083 1032 1223 1082 dolor)
1248 1029 1562 1080 blasphemias,
1595 1027 1851 1079 praesertim

233 1097 278 1136 in
308 1100 636 1137 sacrosanctum
669 1098 827 1137 Missae
856 1098 1137 1138 sacrificium.
1169 1096 1384 1145 conijcere
1417 1094 1737 1134 consueuisset.
1772 1093 1852 1132 Hic

232 1162 370 1201 multa
414 1162 466 1201 de
509 1163 843 1202 lutheranorum
873 1162 1230 1202 dissensionibus
1272 1163 1312 1200 et
1355 1160 1570 1199 abusibus
1615 1159 1849 1197 referebat:

231 1226 487 1277 disputabat
520 1239 696 1278 quoque
732 1228 885 1273 multa,
917 1227 989 1266 sed
1036 1227 1232 1266 discendi
1279 1225 1442 1266 studio.
1477 1223 1709 1274 praecipue
1737 1223 1853 1262 circa

234 1291 393 1331 missae
423 1292 702 1338 sacrificium,
741 1292 1063 1331 confessionem
1106 1294 1147 1330 et
1189 1289 1545 1330 communionem
1589 1287 1851 1327 catholicam

232 1356 520 1407 argumentis,
553 1368 665 1407 quae
694 1369 718 1395 a
751 1356 957 1407 Philippo
987 1356 1214 1397 didicerat.
1248 1355 1530 1405 impugnans.
1556 1353 1718 1392 Verum
1744 1352 1854 1391 mul-

232 1421 289 1460 tis
319 1422 422 1460 hinc
453 1422 554 1461 inde
586 1422 869 1461 uehementer
898 1421 1091 1472 agitatis
1124 1421 1297 1460 ueritati
1344 1420 1517 1458 tandem
1563 1418 1694 1457 cessit
1734 1429 1851 1457 men-

231 1486 422 1529 dacium,
454 1489 495 1526 et
524 1486 728 1526 Christus
761 1486 1033 1525 intellectum
1065 1486 1129 1524 illi
1160 1485 1294 1525 dedit.
1331 1487 1373 1523 ut
1404 1486 1575 1534 saperet
1617 1486 1657 1522 et
1692 1482 1854 1521 intelli-

231 1553 365 1601 geret,
398 1553 532 1601 utque
563 1553 892 1590 conuerteretur
921 1562 969 1589 ac
1002 1551 1193 1590 uiueret:
1236 1562 1334 1588 nam
1381 1548 1622 1588 catholicas
1664 1547 1853 1598 explica·

231 1614 374 1655 tiones
400 1627 489 1655 non
519 1616 663 1655 solum
696 1616 831 1666 probe
852 1615 1084 1657 intellexit,
1108 1627 1157 1654 ac
1178 1615 1321 1653 modis
1342 1614 1550 1653 omnibus
1571 1612 1850 1663 approbauit.

231 1680 307 1719 sed
340 1692 498 1731 magno
528 1692 703 1731 quoque
734 1680 952 1719 desiderio
981 1680 1212 1730 amplexus
1241 1681 1320 1721 est.
1353 1679 1549 1729 adeoque
1582 1677 1852 1717 orthodoxae

231 1747 273 1784 et
302 1757 510 1784 romanae
539 1745 747 1784 ecclesiae
777 1745 968 1784 debitam
1001 1745 1047 1783 in
1077 1745 1285 1783 omnibus
1306 1743 1601 1783 obedientiam
1632 1741 1849 1793 promisit.

231 1810 357 1859 Quod
387 1822 441 1849 ne
471 1810 627 1850 leuiter
655 1812 732 1849 aut
762 1810 904 1849 fucate
936 1810 1186 1860 promittere
1216 1809 1454 1857 uideretur,
1477 1808 1627 1847 statim
1652 1807 1777 1846 flexis
1807 1806 1851 1845 in

232 1878 389 1914 terram
439 1875 641 1925 genibus,
680 1875 940 1925 interposito
989 1875 1252 1916 iuramento.
1298 1874 1540 1913 detestatus
1586 1871 1851 1912 haereticam

231 1940 475 1991 perfidiam,
508 1940 683 1980 Christo
713 1940 848 1979 inseri
879 1940 1064 1990 supplex
1095 1939 1274 1989 petiuit:
1309 1939 1424 1978 unde
1458 1938 1671 1988 postridie
1710 1948 1852 1976 reuer-

230 2016 322 2053 sus,
354 2005 467 2044 facta
497 2005 691 2055 generali
723 2016 828 2043 suae
860 2004 977 2043 uitae
1020 2004 1312 2046 confessione.
1346 2015 1421 2054 per
1453 2003 1530 2042 Dei
1561 2002 1749 2053 gratiam
1787 2003 1852 2040 est

230 2069 439 2108 ecclesiae
465 2069 709 2109 restitutus.
734 2068 971 2109 Confirmet
992 2069 1037 2107 in
1059 2080 1109 2107 eo
1130 2069 1347 2107 Dominus
1368 2068 1485 2117 quod
1507 2069 1714 2118 operatus
1734 2068 1799 2105 est
1821 2068 1848 2105 ¹.

309 2134 347 2173 ὃ.
381 2134 496 2173 R.<¹¹¹-‘
527 2135 576 2173 D.
612 2134 887 2185 praepositus
931 2134 1118 2173 fructum
1162 2145 1291 2184 quem
1336 2133 1474 2171 nostri
1516 2133 1668 2171 Patres
1701 2131 1747 2170 in
1777 2143 1852 2170 au-

231 2199 406 2238 diendis
426 2199 783 2238 confessionibus
803 2198 1034 2249 colligunt.
1057 2198 1220 2237 sentire
1252 2197 1441 2241 uidetur,
1464 2209 1563 2236 cum
1585 2208 1691 2236 suos
1711 2208 1851 2235 sacer-

231 2264 355 2303 dotes
403 2264 652 2314 frequenter
699 2264 784 2302 huc
833 2263 1003 2302 mittere
1046 2263 1199 2302 soleat.
1246 2264 1292 2301 ut
1336 2263 1499 2301 nostris
1542 2262 1849 2306 confiteantur,

230 2340 280 2368 ac
310 2328 600 2368 Directorium
635 2327 720 2367 ΒΑΗ
752 2328 895 2367 Patris
926 2327 1105 2366 Polanci
1135 2328 1165 2369 2.
1197 2329 1238 2366 et
1273 2328 1320 2365 R.
1360 2327 1503 2365 Patris
1543 2326 1707 2375 Canisij
1740 2327 1852 2365 cate-

229 2393 449 2433 chismum
492 2395 653 2432 emant.
688 2392 874 2432 Vocauit
916 2403 1056 2442 nuper
1097 2392 1228 2431 etiam
1274 2391 1345 2442 pia
1389 2391 1606 2442 quaedam
1652 2392 1851 2429 matrona

231 2470 369 2498 unum
399 2470 451 2497 ex
482 2458 646 2497 nostris
678 2457 897 2497 Patribus.
931 2459 979 2496 ut
1008 2457 1231 2495 infirmnm
1264 2456 1495 2495 cuiusdam
1539 2455 1762 2495 lutherani
1792 2455 1853 2493 ia-

230 2523 398 2562 mulum
430 2522 708 2562 confitentem
740 2521 935 2567 audiret;
969 2521 1086 2572 quod
1117 2521 1192 2560 ubi
1225 2521 1386 2570 hospes
1416 2520 1649 2564 intellexit,
1681 2520 1851 2559 confes-

230 2587 397 2626 sarium
429 2587 572 2626 noluit
601 2586 845 2631 admittere,
869 2597 922 2625 ne
942 2585 1037 2624 suis
1068 2585 1113 2624 in
1142 2585 1327 2624 aedibus
1358 2585 1402 2623 in
1429 2585 1662 2627 eiusmodi,
1685 2584 1851 2624 scilicet

233 2651 461 2702 papistica,
493 2650 742 2690 consentire
775 2650 1011 2690 uideretur.
1046 2650 1207 2690 Uerum
1252 2662 1350 2688 cum
1396 2650 1598 2689 infirmus
1628 2648 1852 2688 nihilomi-

291 2813 309 2831 a
330 2805 440 2836 annis
464 2813 589 2845 supra
614 2813 714 2836 rers.

293 2931 302 2947 ¹
326 2928 378 2961 Cf.
406 2928 463 2961 Ps.
490 2928 627 2961 LXVIl.
652 2928 703 2959 ⁶29.

292 2985 303 3001 ²
332 2981 451 3013 Breve
477 2981 743 3013 Directorium
767 2980 821 3011 (ch
844 2979 1082 3020 confessarii
1105 2988 1151 3011 ac
1174 2979 1392 3019 confitentis
1424 2989 1569 3011 mmm-s*
1596 2981 1692 3011 recle
1715 2979 1854 3011 obeun-

231 3035 337 3066 dum.
364 3034 502 3066 Romae
528 3034 607 3065 1554
629 3042 707 3074 sqq.
733 3035 768 3065 et
792 3033 893 3064 alibi.
