2028 3531
481 260 561 297 567.
587 280 633 286 —
659 259 862 296 PANORMO
892 259 908 294 1
938 257 1195 294 Smprssmnms
1223 257 1311 293 1561
1601 256 1671 292 483

84 380 160 420 R.0
187 380 258 420 P.e
285 379 384 419 Don
413 379 596 430 Alpidio
625 379 703 419 alli
734 377 970 418 medemini
999 375 1180 428 esplica.
1217 375 1351 416 'Oltra
1394 377 1551 426 questo
1594 375 1717 414 aiuto

83 445 330 497 spirituale,
353 445 550 484 anchora
583 444 615 484 li
649 444 795 496 giomi
826 442 993 495 passati
1023 454 1106 482 son
1136 441 1241 481 stati
1271 440 1515 481 dechiarati
1545 440 1586 480 16
1616 452 1718 480 con-

83 510 309 551 stitutioni
340 510 455 549 della
486 512 639 549 nostra
669 508 944 561 Compagnia
973 508 1046 548 dal
1081 507 1154 547 ΗΡ
1182 507 1253 546 P.e
1282 507 1474 546 Rettore.

160 575 199 614 4.
232 574 290 614 Le
332 574 604 614 confessioni
648 586 791 614 sonno
835 573 971 613 molto
1015 583 1180 623 spesse,
1227 573 1352 611 tanto
1397 571 1516 610 nella
1565 571 1718 610 nostra

82 639 246 687 chiesa,
278 641 447 690 quanto
490 639 584 678 fora
614 639 659 679 di
703 639 865 690 quella.
910 637 1069 689 Spesse
1099 637 1219 676 uolte
1262 648 1405 676 sonno
1445 635 1657 675 chiamati
1687 634 1719 674 li

82 704 223 744 nostri
266 704 484 744 sacerdoti
516 716 592 755 per
634 704 862 744 confessar
903 702 1130 742 ammalati
1172 701 1409 749 forastieri,
1441 700 1547 741 delli
1577 699 1719 751 qualli

82 770 120 810 ci
152 770 197 810 ui
226 771 249 810 6
280 782 341 809 un
383 781 494 821 gran
538 781 723 810 numero
767 781 843 821 per
871 769 903 808 li
947 780 1056 820 gran
1087 767 1203 808 caldi
1247 767 1364 807 della
1407 767 1501 806 esta
1531 766 1612 806 che
1641 765 1719 816 qui

82 847 207 875 sono.
254 835 377 875 Nelle
421 835 529 874 feste
572 835 690 874 della
733 835 991 874 Pentecoste
1034 835 1076 873 et
1106 832 1382 873 Assuntione
1424 831 1541 871 della
1585 831 1720 871 Beata

82 900 289 952 Vergine,
321 901 409 940 tale
453 912 475 940 e
519 902 642 940 tanta
688 900 733 940 fu
772 900 817 939 la
859 899 1148 939 multitudine
1191 898 1298 938 delli
1343 896 1557 948 penitenti
1602 896 1721 935 nella

82 968 234 1005 nostra
276 965 442 1015 chiesa,
475 966 556 1005 che
600 965 631 1005 il
674 965 895 1005 desiderio
938 964 982 1003 di
1014 963 1117 1003 tutti
1162 963 1343 1003 satisfar
1385 974 1477 1001 non
1507 961 1545 1001 si
1590 960 1718 1012 potti,

82 1031 250 1071 benche
294 1031 397 1071 tutti
430 1032 566 1071 molto
596 1031 633 1071 si
664 1031 792 1071 siano
836 1030 1054 1081 affatigati
1086 1029 1133 1069 in
1162 1031 1335 1081 questo,
1367 1028 1513 1067 donde
1560 1039 1647 1066 non
1682 1025 1721 1065 si

82 1108 138 1147 po
168 1108 344 1147 sperare
374 1097 487 1136 altro
517 1097 598 1136 che
634 1097 759 1144 bene,
792 1108 838 1136 se
868 1107 959 1135 non
989 1107 1051 1135 un
1095 1093 1395 1146 grandissimo
1425 1095 1468 1132 et
1497 1091 1722 1132 uberrimo

82 1161 218 1201 frutto
247 1161 317 1201 del
348 1162 510 1201 anime.
545 1161 736 1213 [Narrat
767 1163 964 1212 aliquem
995 1159 1184 1211 casum]

187 1227 310 1266 Molti
340 1227 536 1267 anchora
567 1227 638 1267 del
668 1239 758 1266 uno
788 1229 830 1266 et
859 1226 1014 1265 l'altro
1045 1237 1168 1265 sesso
1199 1224 1237 1264 si
1267 1224 1558 1264 confessorno
1589 1233 1721 1274 gene-

82 1292 298 1332 ralmente
327 1293 372 1332 di
419 1294 534 1332 tutta
563 1293 606 1332 la
636 1293 729 1332 uita
772 1292 884 1340 loro,
916 1292 961 1331 di
1001 1291 1062 1331 tal
1108 1292 1223 1330 bona
1254 1292 1296 1330 et
1340 1290 1527 1329 honesta
1560 1288 1652 1328 uita
1682 1287 1720 1327 si

81 1369 163 1398 son
193 1358 367 1398 redotti.
414 1359 546 1398 Molte
590 1358 830 1398 elemosine
873 1358 928 1397 da
972 1358 1157 1397 deuerse
1199 1367 1387 1408 persone
1430 1366 1573 1395 sonno
1612 1353 1721 1393 dalli

81 1423 223 1463 nostri
266 1426 513 1475 procurate,
547 1426 589 1464 et
631 1424 736 1474 ogni
779 1423 937 1475 giorno
981 1423 1018 1463 si
1050 1434 1314 1474 procurano.
1360 1420 1482 1460 Dieci
1522 1421 1722 1459 matrone

82 1488 158 1539 piu
202 1488 352 1528 nobile
381 1489 425 1528 di
469 1491 626 1540 questa
655 1489 757 1536 cita,
789 1488 939 1528 alcuni
989 1488 1103 1527 delle
1147 1487 1270 1539 quali
1314 1498 1450 1526 erano
1498 1484 1602 1524 stati
1633 1484 1722 1523 alla

81 1554 233 1592 nostra
263 1554 429 1601 chiesa,
462 1555 614 1593 hanno
658 1554 828 1594 hauuto
858 1553 966 1593 dalli
996 1553 1139 1593 nostri
1170 1553 1201 1592 li
1231 1551 1444 1601 essercitij
1478 1549 1719 1601 spirituali,

81 1621 198 1661 dalle
228 1620 351 1672 quali
382 1621 547 1659 aiutate
576 1619 728 1659 hanno
750 1619 1067 1659 incominciato
1097 1631 1123 1658 a
1154 1620 1296 1657 motar
1325 1618 1367 1657 la
1398 1618 1493 1657 uita
1523 1620 1720 1669 passata,

80 1688 122 1726 et
151 1686 463 1726 cominciando
493 1685 589 1724 loro
619 1685 843 1737 sequitare
876 1685 950 1736 piu
981 1687 1111 1724 santa
1141 1685 1291 1736 regola
1321 1684 1365 1723 di
1398 1684 1551 1724 uiuere
1581 1685 1623 1723 et
1644 1683 1722 1734 piu

81 1751 289 1803 aplicarsi
337 1751 423 1790 alle
466 1751 558 1791 cosi
588 1751 829 1802 spirituali,
865 1752 940 1801 piu
984 1762 1138 1801 spesso
1170 1750 1240 1790 nel
1273 1761 1389 1789 mese
1419 1749 1539 1789 nella
1568 1750 1722 1788 nostra

81 1817 231 1856 chiesa
261 1816 299 1856 si
328 1816 594 1856 confessano
624 1819 666 1856 et
695 1816 1052 1863 communicano,
1082 1816 1250 1855 benche
1280 1815 1438 1855 alcune
1459 1814 1587 1854 siano
1609 1815 1722 1854 state

80 1882 276 1933 inpedite
305 1882 423 1921 dalle
453 1882 548 1921 loro
578 1881 740 1930 mariti,
765 1881 896 1921 amici
927 1883 970 1921 et
999 1881 1188 1932 parenti.
1222 1880 1501 1921 Similmente
1531 1879 1595 1920 sei
1626 1879 1721 1931 gin-

80 1947 308 1987 tilhomini
338 1959 542 1998 persone,
575 1947 691 1987 nelle
730 1946 961 1986 medesimi
1005 1946 1197 1998 esercitij
1230 1946 1268 1986 si
1299 1945 1586 1993 essercitano,
1618 1943 1722 1984 altri

81 2013 134 2052 de
164 2013 177 2052 i
207 2013 332 2064 quali
375 2013 526 2052 hanno
556 2012 707 2052 animo
752 2012 805 2052 de
834 2012 1001 2052 intrare
1040 2012 1159 2052 nella
1203 2012 1420 2063 religione
1449 2011 1494 2051 di
1525 2010 1615 2051 San
1645 2010 1724 2049 Be-

81 2078 274 2126 nedetto,
306 2077 408 2117 altri
438 2078 557 2117 nella
588 2079 755 2126 nostra,
796 2080 839 2118 et
868 2078 973 2117 tutti
1004 2078 1262 2117 finalmente
1291 2077 1421 2128 quasi
1462 2076 1566 2128 ogni
1608 2075 1724 2128 gior-

81 2143 127 2183 ni
167 2145 259 2183 otto
298 2143 337 2183 si
377 2143 719 2183 communicano
758 2143 877 2183 nella
920 2145 1074 2183 nostra
1112 2143 1278 2183 chiesa.
1325 2142 1476 2183 Sonno
1519 2142 1634 2182 oltra
1677 2141 1723 2181 di

81 2209 243 2260 quelle,
275 2209 386 2249 altre
414 2209 487 2260 pie
517 2210 732 2258 matrone,
765 2209 805 2249 le
849 2209 981 2260 quale
1025 2209 1082 2248 da
1124 2209 1200 2248 noi
1244 2209 1406 2248 hanno·
1440 2208 1651 2248 richiesto
1689 2207 1723 2247 li

81 2274 261 2326 preditti
304 2274 537 2326 essercitij,
569 2286 654 2326 pur
683 2275 726 2314 al
769 2275 865 2314 loro
895 2274 1116 2314 desideria
1146 2286 1237 2314 non
1280 2274 1319 2314 si
1364 2286 1386 2314 e
1430 2274 1626 2314 anchora
1655 2285 1723 2312 sa-

80 2340 253 2379 tiss-atto
282 2351 361 2391 per
389 2339 422 2379 li
452 2351 559 2391 gran
592 2340 708 2379 caldi
748 2339 793 2379 di
824 2343 982 2391 questa
1025 2341 1146 2389 esta;
1180 2352 1253 2379 ma
1281 2352 1359 2391 per
1388 2339 1605 2379 l’auenire
1644 2338 1722 2389 piu

80 2405 462 2445 commodamente
491 2417 539 2445 ce
559 2417 606 2445 se
636 2405 882 2446 satisfarra.
917 2406 968 2445 In
998 2408 1157 2456 questo
1186 2418 1311 2445 mezo
1341 2405 1379 2445 si
1410 2405 1722 2456 intertengano

80 2482 164 2510 con
207 2472 365 2522 questa
393 2482 623 2522 speranza,
655 2472 698 2510 et
726 2483 818 2511 non
861 2483 1046 2511 cessano
1090 2472 1371 2522 frequentare
1401 2471 1433 2510 li
1473 2469 1722 2510 santissimi

81 2536 362 2576 sacramenti.
386 2536 484 2576 Vna
513 2536 582 2576 sol
611 2547 716 2575 cosa
744 2538 889 2576 tacere
919 2548 1010 2576 non
1040 2537 1190 2588 uoglo,
1214 2537 1258 2576 la
1287 2537 1419 2588 quale
1448 2548 1526 2587 per
1561 2547 1683 2575 mezo
1704 2542 1722 2560 a

81 2601 170 2641 deli
213 2601 356 2641 nostri
399 2601 622 2641 mediante
652 2602 696 2641 la
738 2602 895 2642 diuina
939 2603 1083 2654 gratia
1112 2603 1151 2643 si
1181 2604 1204 2643 e
1234 2603 1344 2643 fatto
1386 2603 1467 2642 che
1506 2602 1579 2653 gia
1608 2601 1721 2641 cessi

80 2679 172 2707 una
201 2667 339 2707 molto
381 2668 533 2706 brutta
562 2666 580 2692 b
610 2669 652 2707 et
680 2667 910 2708 disonesta
952 2680 1118 2708 usanza
1162 2669 1243 2709 che
1272 2669 1313 2709 le
1356 2669 1518 2717 donne,
1553 2679 1642 2707 non
1671 2679 1722 2707 so

81 2744 164 2772 con
193 2732 274 2773 che
306 2732 522 2785 unguenti
554 2734 597 2772 et
625 2733 764 2773 colori
796 2734 844 2785 (li
871 2734 995 2785 quali
1026 2735 1333 2785 uolgarmente
1362 2735 1600 2774 chiamano
1630 2744 1722 2772 ros-

81 2799 212 2845 setto)
255 2798 470 2838 soleuano
514 2798 739 2838 machiare
769 2801 811 2838 et
854 2801 1036 2839 mettere
1066 2813 1091 2839 a
1120 2800 1163 2840 la
1203 2800 1366 2849 fachia,
1398 2802 1440 2839 et
1470 2800 1612 2839 forma
1641 2810 1722 2838 na-

81 2863 238 2903 turale.
272 2863 404 2902 Molte
448 2863 664 2903 monache
694 2864 736 2902 di
785 2864 953 2904 diuersi
998 2865 1257 2917 monasterij
1299 2865 1562 2905 desiderano
1605 2865 1648 2903 et
1681 2862 1720 2903 si

143 3065 161 3084 a
182 3066 271 3090 nezo
294 3058 340 3091 A.
362 3077 401 3081 —
426 3058 444 3085 b
464 3059 573 3091 butta
596 3059 642 3091 A.
