2028 3531
580 292 661 329 518.
689 313 733 318 -
759 292 1002 328 VINDOBONA
1032 293 1048 328 1
1077 293 1177 330 MA11
1206 294 1289 330 1561
1636 296 1706 332 0283

118 410 381 462 frequentia.
414 411 540 452 Vnus
570 414 821 452 nostrorum
853 413 986 453 verba
1016 413 1119 454 fecit
1147 425 1198 454 eo
1227 414 1299 454 die
1328 414 1381 454 de
1411 414 1547 454 huius
1577 417 1753 454 nostrae

117 474 351 516 Societatis
380 476 575 524 nomine,
607 477 809 525 authore,
841 477 928 517 fine
958 480 1091 530 atque
1122 479 1308 519 ratione.

197 540 235 580 7.
268 539 395 590 Quod
424 541 480 581 ad
510 544 690 582 auctum
720 549 739 569 a
772 544 1026 583 nostrorum
1059 555 1295 584 numerum
1325 544 1530 595 pertinet,
1564 545 1612 585 13
1642 545 1755 596 opti-

117 617 215 645 mae
261 605 355 656 spei
385 606 689 647 adolescentes
718 619 765 647 se
794 608 878 648 hoc
907 609 1222 660 quadrimestri
1270 610 1401 649 nobis
1435 609 1751 650 adiunxerunt.

117 669 282 710 Omnes
311 670 398 710 iam
430 671 476 711 in
506 684 556 712 ea
586 673 733 722 domo,
764 685 878 725 quae
909 685 1011 725 pars
1039 676 1106 714 est
1126 675 1299 726 collegij
1335 675 1494 726 (neque
1514 675 1632 715 enim
1654 675 1755 715 hac-

115 736 247 775 tenus
276 735 365 775 alia
394 736 548 777 haberi
579 738 710 789 plane
739 750 765 778 a
794 738 926 778 nobis
955 739 1157 779 seiuncta
1187 739 1366 790 potuit),
1399 740 1483 779 sub
1518 739 1753 780 Societatis

118 800 219 840 Iesu
262 801 469 842 tirocinio
512 802 686 843 viuunt.
720 804 883 844 Eorum
928 805 1177 855 praefectus
1219 808 1286 845 est
1333 805 1388 845 M.
1435 805 1678 856 Gregorius
1722 807 1751 853 ¹,

115 866 201 905 sub
230 878 318 917 quo
349 866 436 917 pijs
464 867 664 919 quotidie
694 869 1076 918 meditationibus,
1123 871 1363 922 pingendis
1392 870 1550 920 literis,
1592 873 1633 910 et
1663 870 1753 910 dis-

115 931 256 971 cendo
285 932 569 981 catechismo,
601 934 721 974 tonis
750 934 855 974 item
885 937 927 975 et
955 935 1118 975 officiis
1148 936 1413 984 humilibus,
1462 936 1755 976 concionibus

115 997 249 1047 atque
278 997 381 1036 aliis
410 997 455 1037 id
485 1010 626 1049 genus
655 999 1050 1040 exercitationibus
1093 1001 1294 1041 sedulam
1343 1013 1521 1052 operam
1568 1003 1752 1042 nauant.

116 1061 288 1102 Horum
330 1063 532 1103 omnium
579 1064 1025 1106 exercitamentorum
1068 1067 1123 1106 M.
1175 1066 1409 1106 Cornelius
1471 1068 1486 1091 ²
1535 1066 1753 1106 rationem

115 1126 263 1178 habet,
294 1139 351 1168 ne
379 1140 533 1169 eorum
563 1130 812 1181 praefectus
841 1143 974 1182 supra
1008 1132 1124 1172 vires
1153 1134 1375 1172 oneretur.
1413 1132 1596 1183 [ngenuj
1649 1134 1755 1172 sunt

115 1204 285 1241 omnes,
317 1196 464 1245 atque,
496 1196 546 1235 ut
574 1198 771 1247 apparet,
804 1196 1038 1236 Societatis
1068 1197 1275 1238 instituto
1304 1197 1542 1249 aptissimi,
1565 1197 1642 1249 qui
1664 1209 1755 1236 non

116 1257 173 1297 ad
201 1260 336 1299 Verba
356 1261 546 1308 tantum,
579 1261 655 1301 sed
685 1262 740 1301 ad
772 1263 931 1302 nutum
974 1262 1108 1302 etiam
1153 1275 1244 1302 non
1287 1275 1387 1303 raro
1430 1264 1751 1314 obtemperant.

116 1322 288 1364 Census
330 1326 467 1378 annuj
513 1327 567 1366 ad
611 1338 765 1367 eorum
795 1328 1167 1368 sustentationem
1212 1340 1265 1368 ex
1294 1330 1418 1379 parte
1447 1328 1583 1379 empti
1623 1330 1751 1375 sunt,

115 1389 193 1429 sed
223 1392 423 1430 nostrum
456 1393 603 1431 tamen
633 1392 871 1444 collegium
901 1393 1053 1433 omnia
1083 1394 1175 1433 illis
1205 1393 1454 1434 necessaria
1491 1394 1622 1433 modo
1651 1394 1755 1433 sub·

116 1454 356 1504 ministrat,
388 1456 528 1497 donec
557 1469 732 1505 censuS,
756 1458 848 1498 Deo
878 1459 1003 1506 duce,
1027 1459 1178 1510 plures
1207 1461 1426 1499 emantur.
1452 1460 1605 1510 Itaque
1627 1458 1756 1498 rudia

116 1519 272 1560 saltem
305 1521 420 1561 iacta
449 1524 554 1562 sunt
583 1523 744 1563 domus
773 1524 1049 1564 nouitiorum
1072 1525 1378 1572 fundamenta,
1401 1536 1515 1576 quae
1546 1536 1753 1575 magnam

116 1596 224 1626 sane
253 1587 530 1639 colligendae
560 1589 719 1629 messis
748 1601 871 1640 spem
902 1590 1033 1630 nobis
1062 1590 1285 1630 adferunt.
1332 1589 1539 1641 Quinque
1568 1592 1646 1629 aut
1678 1601 1755 1629 sex

116 1651 311 1702 optimae
342 1652 509 1693 indolis
539 1654 741 1703 iuuenes,
776 1657 820 1694 vt
849 1655 1075 1706 prioribus
1114 1657 1427 1707 aggregentur,
1473 1655 1756 1695 vehementer

116 1716 330 1768 aspirant.
365 1718 540 1759 Fratres
569 1720 710 1759 nostri
741 1721 788 1760 in
817 1721 933 1760 hanc
962 1733 1114 1761 curam
1145 1721 1351 1773 gnauiter
1380 1721 1662 1768 incumbunt,
1708 1723 1755 1760 vt

116 1783 282 1823 multos
311 1795 336 1822 a
366 1785 557 1835 peccatis
587 1785 642 1825 ad
673 1785 881 1836 pietatem
911 1789 1135 1834 reuocent,
1168 1789 1211 1827 et
1239 1799 1262 1826 e
1292 1787 1449 1827 mundi
1494 1786 1651 1838 pelago
1699 1787 1753 1826 ad

116 1848 349 1900 religionis
378 1852 555 1901 portum
586 1851 905 1892 transmittant.

196 1914 235 1954 8.
269 1915 362 1954 Iam
407 1927 525 1963 vero,
557 1918 604 1956 vt
633 1916 686 1956 de
733 1917 922 1969 collegio
966 1917 1059 1965 illo,
1104 1918 1224 1970 quod
1268 1930 1437 1958 nouum
1482 1929 1693 1957 vocamus
1723 1919 1753 1963 3,

117 1991 259 2030 pauca
301 1981 522 2026 dicantur,
554 1982 887 2033 duodetriginta
918 1983 965 2022 in
996 1983 1257 2023 vniuersum
1300 1983 1413 2023 illud
1444 1983 1659 2022 foeliciter
1688 1982 1754 2021 in-

117 2045 285 2094 colunt,
304 2047 420 2087 inter
439 2059 552 2098 quos
573 2047 702 2087 multi
724 2047 1008 2088 eleemosinis
1037 2051 1292 2089 nostrorum
1314 2048 1536 2088 industria
1558 2047 1756 2087 collectis

117 2113 448 2160 sustentantur3
481 2113 556 2163 alij
591 2125 693 2153 vero
724 2113 905 2164 propria
934 2114 1096 2154 viuunt
1125 2114 1320 2165 quadra3
1345 2114 1398 2153 de
1428 2113 1594 2165 quibus
1615 2112 1756 2152 omni-

116 2176 202 2216 bus
231 2189 322 2217 non
351 2190 592 2230 possumus
613 2191 704 2219 non
734 2179 899 2230 optime
920 2191 1111 2230 sperare.
1143 2179 1275 2220 Ciues
1295 2181 1338 2219 et
1367 2179 1451 2218 viri
1483 2178 1755 2219 nobilissimi

117 2253 224 2282 suos
244 2243 362 2283 filios
382 2243 474 2284 illis
495 2244 737 2296 adiungere
767 2245 920 2284 crebro
950 2245 1241 2293 contendunt,
1265 2257 1417 2285 verum
1440 2244 1524 2284 loci
1546 2244 1756 2295 angustia

115 2319 172 2347 ne
200 2320 445 2359 augeamus
475 2321 711 2349 numerum
742 2310 942 2361 impedit.
977 2310 1097 2350 Idem
1142 2310 1196 2350 de
1225 2310 1562 2350 conuictoribus
1610 2309 1755 2349 dicere

117 2384 373 2424 possumus,
405 2386 505 2414 cum
535 2377 578 2414 et
620 2375 731 2426 ipsis
774 2375 1009 2426 angustior
1051 2375 1110 2415 sit
1138 2375 1314 2423 domus,
1346 2387 1481 2427 quam
1520 2377 1569 2415 ut
1597 2374 1756 2414 admit-

116 2439 265 2479 tamus
294 2451 545 2491 germanos,
592 2441 794 2492 polonos,
827 2441 1058 2492 hungaros
1100 2443 1142 2481 et
1171 2441 1347 2481 nobiles
1376 2443 1418 2481 et
1457 2441 1656 2481 illustres
1686 2451 1757 2491 ge-

179 2613 198 2632 a
229 2607 436 2648 austum(‘?)
460 2606 505 2640 A.

180 2776 188 2792 ¹
224 2774 266 2806 In
300 2775 410 2808 catal.
446 2775 593 2817 collegii
627 2776 845 2809 viennensis
879 2776 1020 2809 mensis
1054 2776 1218 2808 ianuarii
1255 2777 1333 2808 1561
1368 2775 1471 2817 (Cod.
1515 2774 1644 2807 Germ.
1670 2774 1753 2810 131,

117 2827 142 2859 f.
165 2828 242 2869 250)
265 2828 335 2860 sub
358 2837 513 2861 numero
535 2829 576 2861 26
598 2830 812 2862 recensetur
837 2843 852 2858 ⁴<
876 2829 921 2863 M.
947 2829 1147 2872 Gregorius
1181 2829 1390 2871 praefectus
1416 2829 1548 2861 domus
1572 2828 1758 2870 probatio-

118 2881 191 2921 nis,
216 2881 332 2914 Iector
353 2882 506 2924 linguae
529 2882 771 2916 Germanicae
804 2883 917 2923 domi,
942 2884 1184 2916 concionator
1215 2883 1402 2924 frequenS,
1434 2882 1513 2914 sive
1547 2882 1587 2914 in
1620 2882 1757 2923 templo

117 2935 246 2967 nostro
280 2935 399 2975 modo,
424 2936 578 2969 absente
601 2937 642 2970 D.
669 2936 875 2977 Lamberto,
900 2937 983 2969 siue
1005 2937 1094 2969 alibi
1120 2950 1150 2970 ».
1176 2937 1228 2969 Ex
1252 2937 1338 2969 aliis
1371 2936 1463 2968 locis
1496 2936 1643 2968 constat
1676 2944 1758 2968 esse

118 2986 157 3020 P.
182 2987 400 3029 Gregorium
423 2989 655 3022 Rosseffium.

181 3043 194 3061 ²
216 3042 254 3075 P.
279 3043 474 3075 Cornelius
498 3043 731 3085 Brogelman.

182 3096 196 3114 ³
217 3095 311 3128 Vide
333 3094 429 3129 Litt.
459 3095 667 3136 Quadrim.
689 3096 751 3136 VI,
775 3097 828 3137 90,
853 3097 924 3129 176.
