2028 3531
486 299 566 335 492.
594 320 637 325 —
665 299 874 335 TREVERIS
903 299 945 334 16
972 298 1202 334 ΡΕΒΒΗΑΒΙΙ
1233 299 1317 333 1561
1613 298 1674 333 [67

91 419 222 458 nobis
252 420 491 465 constaret,
523 421 615 458 tum
661 418 852 458 maxime
883 430 936 457 ne
972 404 1141 457 fructus
1184 417 1259 456 ille
1289 416 1407 467 apud
1453 416 1615 455 multos
1647 416 1724 454 mi-

91 484 316 530 nueretur,
349 483 425 534 qui
456 495 482 522 a
512 483 677 522 nostris
706 484 975 534 expectatur.

169 548 207 587 8.
244 548 447 599 Magnam
478 560 531 587 ex
562 548 823 587 monialium
870 547 1153 598 monasterijs
1196 545 1554 586 beneuolentiam
1595 545 1725 584 nobis

90 613 383 653 conciliamus
422 621 461 659 ἃ,
480 614 598 665 quod
629 613 820 653 subinde
850 613 896 653 in
926 625 1078 653 eorum
1109 612 1309 663 ecclesijs
1343 623 1518 651 sacrum
1564 610 1725 649 missae

90 677 283 717 officium
327 678 615 728 celebremus,
661 690 749 729 quo
792 678 961 729 alioqui
1006 679 1183 729 propter
1212 677 1491 716 sacerdotum
1528 675 1724 725 inopiam

90 754 219 794 aegre
250 743 490 783 admodum
522 755 669 783 carere
698 745 975 795 cogerentur.
1009 743 1147 782 Multo
1178 744 1326 781 tamen
1366 741 1576 780 maiorem
1608 740 1725 790 apud

91 807 213 847 ciues
243 808 433 859 gratiam
466 809 700 855 iniremus,
732 809 770 848 si
803 808 1238 848 administrationem
1270 807 1502 847 cuiusdam
1537 806 1727 846 celeber-

93 872 229 912 rimae
278 874 539 924 parrochiae
586 874 811 925 suscipere
855 874 1086 919 vellemus,
1131 886 1245 925 quae
1289 873 1483 924 profecto
1526 871 1596 911 sui
1632 871 1727 922 pul-

91 937 344 978 chritudine
374 950 424 978 ac
453 939 539 978 loci
569 940 882 979 commoditate
912 941 1082 990 (utpote
1124 938 1313 990 collegio
1362 937 1577 988 proxima,
1609 938 1651 976 et
1682 936 1726 974 in

93 1003 187 1042 foro
217 1004 363 1043 medio
393 1005 494 1049 sita)
518 1017 601 1044 nos
631 1005 822 1044 invitare
853 1005 1041 1045 videtur.
1065 1004 1150 1044 Sed
1171 1004 1385 1055 quoniam
1416 1004 1582 1042 norunt
1606 1002 1728 1041 ciues

93 1079 174 1107 nos
220 1070 487 1120 pastoralem
517 1082 667 1110 curam
714 1081 807 1110 non
846 1070 1086 1121 suscipere,
1119 1082 1333 1121 perquam
1377 1068 1569 1119 benigne
1598 1067 1730 1106 nobis

92 1133 242 1173 claues
285 1135 496 1175 ecclesiae
539 1136 814 1183 obtulerunt,
860 1138 1058 1187 petentes
1102 1138 1150 1175 ut
1179 1134 1508 1175 commoditatis
1551 1134 1729 1173 nostrae

94 1199 263 1239 ratione
293 1200 462 1248 habita,
495 1201 763 1253 quandoque
794 1202 840 1241 in
871 1214 921 1241 ea
951 1201 1172 1243 celebrare
1217 1200 1446 1243 vellemus,
1478 1199 1596 1250 quod
1628 1210 1727 1238 cum

93 1263 296 1312 facimus,
327 1278 427 1306 cum
458 1278 621 1318 magna
651 1267 904 1313 deuotione,
951 1267 1203 1317 frequentes
1246 1266 1469 1305 intersunt
1502 1275 1651 1311 sacro;
1685 1263 1727 1302 id

92 1330 211 1380 quod
242 1330 353 1381 ipsis
382 1331 646 1372 invsitatum
678 1333 817 1372 multo
847 1334 949 1371 ante
979 1334 1174 1382 tempore
1204 1330 1303 1371 fuit.

172 1398 210 1436 5).
245 1397 372 1447 Quod
405 1410 506 1438 vero
536 1398 591 1438 ad
622 1398 943 1438 habitationem
989 1399 1188 1437 nostram
1218 1399 1260 1436 et
1290 1395 1509 1448 gymnasij
1548 1396 1729 1435 domum

93 1461 266 1510 attinet,
299 1475 531 1515 speramus
568 1464 692 1504 breui
737 1465 953 1510 futurum,
985 1465 1034 1503 ut
1064 1462 1221 1502 maiori
1269 1461 1585 1502 commoditate
1615 1460 1732 1500 frua—

94 1538 207 1575 mur,
231 1540 334 1568 nam
365 1541 465 1570 cum
488 1529 619 1569 aedes
648 1529 838 1580 quedam
868 1541 968 1569 cum
999 1529 1142 1568 hortis
1172 1528 1289 1567 intra
1319 1528 1499 1567 domum
1532 1528 1730 1566 nostram

95 1596 135 1632 et
166 1595 450 1646 gymnasium
496 1595 752 1635 interiectae
794 1595 900 1641 sint,
933 1607 1046 1646 quae
1090 1594 1222 1633 modo
1256 1605 1339 1633 nos
1382 1604 1459 1644 per
1500 1591 1731 1643 publicum

94 1660 150 1699 ad
180 1661 358 1700 scholas
388 1661 564 1711 prodire
595 1660 613 1686 Ι)
644 1663 824 1712 cogunt,
856 1660 1092 1700 consulum
1123 1659 1322 1699 ciuitatis
1364 1670 1496 1709 opera
1527 1657 1731 1697 effectum

95 1727 176 1768 est.
210 1728 257 1766 ut
287 1727 561 1777 permedium
592 1727 773 1766 hortum
803 1726 916 1766 liber
945 1726 1076 1766 nobis
1106 1725 1160 1765 ad
1191 1724 1476 1776 gymnasium
1516 1723 1733 1763 transitus

96 1793 256 1842 pateat.
291 1792 377 1832 Nec
408 1794 556 1832 tamen
586 1792 830 1832 diffidimus
859 1791 969 1843 quin
998 1791 1124 1831 breui
1159 1791 1291 1830 aedes
1321 1790 1403 1830 has
1445 1801 1545 1829 cum
1590 1788 1734 1828 hortis

96 1860 249 1897 nostro
288 1858 486 1910 collegio
522 1859 648 1898 R.1¹1¹¹S
678 1857 1042 1909 archiepiscopus
1084 1857 1327 1907 adiungere
1370 1856 1541 1895 debeat.
1590 1855 1734 1905 Atque

96 1923 204 1963 haec
233 1926 353 1971 sunt,
388 1923 483 1963 Rde
509 1926 551 1964 et
580 1923 859 1964 obseruande
889 1923 935 1962 in
980 1922 1093 1973 Xpo.
1127 1922 1271 1969 Pater,
1313 1933 1427 1973 quae
1465 1921 1518 1960 de
1556 1919 1730 1971 collegij

97 1989 368 2029 treuerensis
412 1989 541 2029 initio
585 1989 822 2029 scribenda
850 2000 946 2028 esse
976 1988 1203 2035 duximus,
1249 1987 1368 2038 quod
1403 1986 1735 2038 precationibus

98 2055 150 2095 R.
168 2057 270 2095 tuae
291 2055 572 2106 aliorumque
593 2055 793 2094 omnium
818 2054 998 2093 Patrum
1021 2056 1063 2093 et
1083 2053 1271 2092 fratrum
1301 2064 1433 2104 quam
1456 2051 1734 2091 commenda-

99 2120 323 2160 tissimum
355 2133 452 2160 esse
484 2121 766 2160 vehementer
808 2120 1129 2165 desideramus,
1162 2121 1210 2158 ut
1249 2118 1530 2158 orationibus
1574 2116 1735 2157 vestris

98 2186 438 2233 adiuuantibus,
470 2186 586 2226 hanc
617 2186 718 2237 Xpi.
753 2185 945 2227 vineam.
978 2197 1002 2224 a
1033 2185 1138 2224 feris
1168 2184 1376 2235 pessimis
1405 2195 1516 2234 pene
1545 2183 1734 2223 deletam

98 2263 199 2291 cum
232 2263 391 2303 magna
422 2251 561 2291 totius
590 2251 801 2291 ecclesiae
846 2250 1036 2290 vtilitate
1066 2258 1080 2276 ⁶
1115 2250 1313 2290 excolere
1358 2250 1600 2290 valeamus.
1632 2248 1736 2287 Tre-

101 2317 219 2356 ueris
249 2329 302 2356 ex
332 2317 521 2368 collegio
551 2316 787 2356 Societatis
818 2317 867 2355 16
898 2315 1124 2367 Februarij
1158 2327 1277 2355 anno
1310 2316 1426 2355 1561.
1451 2315 1512 2354 Ex
1533 2314 1736 2354 commis-

99 2382 226 2422 sione
268 2381 355 2422 Rfli
399 2382 544 2422 Patris
593 2382 803 2422 Hectoris.
856 2381 1142 2421 Reuerentlae
1174 2381 1220 2420 P.
1254 2381 1302 2420 T.
1336 2381 1552 2431 indignus
1599 2379 1733 2419 filius.

1004 2525 1265 2564 BAanxus
1295 2536 1352 2583 ᾼΒ
1383 2525 1568 2564 ANGELO
1601 2526 1627 2562 ².

165 2720 181 2738 a
212 2711 693 2744 Emonam·consiliamus.
720 2730 757 2733 —
783 2712 800 2737 b
817 2713 902 2752 ὅρη.
929 2711 1039 2743 delet.
1063 2710 1218 2742 faciunt.
1244 2728 1276 2731 Μ
1307 2718 1321 2735 (-
1344 2709 1476 2739 vtitate
1502 2717 1571 2739 ms.

168 2876 176 2892 ¹
201 2873 431 2906 Leodiensis
457 2873 549 2905 Vide
573 2873 718 2904 Laz'm'i
742 2873 915 2905 Manum.
942 2873 964 2905 l.
989 2882 1019 2905 c.
1044 2873 1106 2904 :370
1128 2873 1163 2904 et
1191 2871 1311 2912 Epist.
1341 2870 1384 2902 P.
1417 2869 1564 2905 Xctdal,
1597 2869 1641 2907 ΙΙ,
1666 2869 1739 2900 5402.
