2028 3531
496 258 577 295 628.
607 280 651 285 —
678 259 866 297 BoNomA
896 261 940 297 10
968 261 1196 298 FEBRUARH
1226 262 1316 299 15622
1634 263 1698 298 781

198 376 234 415 1ῑ.
263 371 651 417 ·Jhs.<'Adm0dum
676 377 727 418 R.
760 379 805 418 in
836 379 1012 421 Christo
1043 381 1138 421 Pre.
1172 383 1253 422 etc.
1288 382 1377 421 Pax
1400 381 1518 422 Chri.
1550 384 1631 422 etc.
1656 382 1747 422 Etsi

117 442 295 492 propter
337 441 501 480 multas
544 445 586 481 et
614 451 633 469 a
660 444 866 484 insolitas
913 446 1226 496 occupationes
1275 447 1410 486 huius
1452 447 1625 498 collegi]
1673 448 1746 486 bo-

116 504 349 545 noniensis
390 507 578 545 octauus
607 507 693 546 iam
725 507 742 533 b
783 509 948 549 mensis
978 510 1116 557 adest,
1162 523 1214 550 ex
1249 522 1337 561 quo
1385 511 1555 550 nullam
1602 523 1744 551 rerum

116 571 369 610 nostrarum
412 570 628 610 rationem
676 573 725 612 R.
760 573 806 614 P.
838 574 905 621 T„
957 576 1004 614 ut
1052 587 1148 615 mos
1177 578 1243 615 est
1272 575 1506 615 Societatis
1552 578 1745 624 nostrae,

116 635 391 675 reddidimus
421 637 458 683 1;
492 635 553 675 ita
583 638 727 676 tamen
752 638 796 677 in
829 639 911 678 boc
934 652 1113 680 munere
1144 641 1253 679 mihi
1275 653 1299 680 a
1321 643 1474 681 sancta
1494 641 1747 681 obedientia

114 700 324 752 imposito
354 712 422 740 me
451 713 600 752 gerere
621 704 829 750 conabor,
863 707 909 743 ut
939 705 1177 745 diuturnae
1208 706 1555 746 intermissionis
1585 706 1745 746 uitium

113 777 203 806 non
224 766 442 806 orationis
462 766 758 817 longitudine,
786 769 861 808 sed
884 782 1015 820 quam
1041 771 1305 811 breuissima
1326 783 1470 811 rerum
1493 773 1746 821 nostrarum

112 831 405 882 expositione,
436 842 732 882 compensem.
766 833 926 884 Atque,
960 837 1008 873 ut
1028 847 1052 874 a
1088 836 1220 875 rebus
1240 835 1495 876 domesticis
1515 836 1746 877 exordium

112 890 310 944 sumens,
341 897 560 948 gradatim
591 898 646 937 ad
676 910 741 945 ea,
773 911 886 950 quae
918 900 1024 939 foris
1054 904 1159 940 sunt
1192 901 1237 940 in
1269 901 1347 941 Dei
1378 902 1565 953 gloriam
1597 904 1638 942 et
1668 914 1742 942 sa-

112 962 247 1002 lutem
271 962 523 1002 animarum
544 965 682 1014 gesta,
716 965 998 1014 progrediar;
1033 978 1188 1006 sumus
1211 967 1256 1005 in
1279 967 1361 1006 hoc
1382 967 1570 1018 collegio
1591 980 1746 1008 omnes

114 1027 178 1076 15,
208 1028 290 1067 4.οΓ
324 1027 538 1067 nimirum
568 1029 834 1072 sacerdotes,
866 1042 1055 1081 quorum
1088 1043 1204 1071 unus
1236 1034 1504 1083 praeceptor,
1537 1034 1629 1072 tum
1667 1034 1743 1085 alij

113 1095 417 1144 praeceptores
446 1093 551 1141 duo,
584 1093 857 1144 reliquorum
890 1108 994 1134 uero
1039 1097 1224 1136 fratrum
1255 1109 1358 1147 pars
1387 1097 1548 1137 litteris
1599 1101 1741 1147 uacat,

111 1158 243 1198 ceteri
291 1158 490 1210 negocijs
538 1158 837 1199 familiaribus
880 1160 1144 1202 inseruiunt.
1196 1161 1373 1213 [Omnes
1420 1164 1584 1204 valent.
1623 1164 1746 1215 Viget

112 1225 355 1275 disciplina
384 1223 633 1275 religiosa]

190 1289 229 1330 2.
262 1289 527 1329 Animarum
559 1302 664 1329 uero
693 1290 829 1330 saluti
859 1291 1203 1342 diligentissime
1232 1293 1422 1344 quisque
1452 1305 1530 1344 pro
1559 1294 1629 1334 sui
1652 1306 1745 1334 mu-

110 1357 231 1395 neris
263 1355 448 1404 ratione,
495 1357 544 1395 ut
586 1356 839 1395 consultum
885 1356 941 1395 sit
984 1356 1156 1396 efficere
1200 1360 1415 1407 conatum
1461 1370 1563 1397 nam
1609 1361 1658 1398 ut
1691 1359 1744 1399 de

111 1421 472 1472 praeceptoribus
501 1421 645 1472 primo
675 1421 772 1461 loco
816 1422 975 1469 dicam,
1026 1422 1054 1472 ij
1088 1425 1201 1462 certe
1231 1434 1331 1462 cum
1382 1423 1549 1463 mutuis
1591 1424 1743 1476 dispu-

108 1485 370 1534 tationibus,
402 1486 594 1538 alijsque
624 1486 669 1525 id
699 1498 839 1537 genus
869 1487 1024 1538 offitijs
1054 1488 1108 1526 ad
1139 1488 1385 1535 scientiam,
1418 1491 1511 1528 tum
1547 1490 1739 1530 maxime

109 1551 300 1602 priuatis
339 1551 620 1603 publicisque
659 1552 1044 1591 cohortationibus
1083 1564 1266 1592 suorum
1297 1553 1619 1604 discipulorum
1650 1555 1742 1594 ani·

110 1628 205 1656 mos
235 1617 290 1657 ad
321 1617 528 1668 pietatem
572 1617 813 1657 informare
857 1618 1050 1657 student.
1085 1617 1222 1658 Cuius
1253 1619 1311 1658 rei
1344 1630 1479 1658 causa
1522 1620 1741 1670 superiori

108 1694 260 1722 mense
288 1682 530 1722 Nouembri
563 1683 762 1734 proxime
791 1683 958 1733 elapso,
990 1695 1079 1734 quo
1109 1684 1318 1723 nimirum
1352 1686 1548 1735 tempore
1577 1685 1743 1726 littera-

108 1758 205 1788 rum
236 1748 384 1788 studia
415 1750 521 1788 sunt
550 1748 816 1795 instaurata,
849 1749 895 1787 in
927 1750 1078 1787 nostro
1108 1749 1272 1799 templo
1302 1762 1326 1788 a
1349 1751 1627 1800 praeceptore
1656 1751 1743 1802 pri-

108 1824 205 1853 mae
234 1813 393 1853 classis
423 1813 578 1853 habita
608 1815 675 1853 est
705 1813 848 1853 oratio
878 1813 931 1853 de
961 1815 1123 1853 artium
1155 1814 1334 1853 illarum
1372 1814 1597 1863 laudibus,
1629 1828 1743 1867 quae

108 1878 154 1918 in
184 1879 351 1918 nostris
380 1878 548 1919 scholis
578 1879 756 1930 publice
790 1879 1042 1919 traduntur.
1092 1880 1427 1930 Praeceptorum
1471 1882 1619 1920 autem
1649 1883 1741 1921 stu—

107 1943 231 1984 dium
261 1946 303 1984 et
331 1944 580 1995 diligentia,
613 1957 747 1996 quam
778 1944 933 1984 diuina
983 1956 1063 1995 ope
1093 1944 1234 1984 adiuti
1266 1944 1311 1983 in
1355 1945 1450 1984 suis
1480 1946 1741 1986 muneribus

107 2009 336 2058 adhibent,
369 2021 476 2050 sane
506 2010 568 2058 fit,
602 2013 650 2049 ut
680 2022 770 2049 non
801 2009 932 2049 modo
976 2010 1005 2061 ij
1038 2010 1262 2061 discipuli,
1309 2021 1422 2061 quos
1467 2010 1580 2050 alias
1622 2011 1741 2062 apud

107 2087 189 2115 nos
231 2075 422 2115 exerceri
462 2075 834 2127 significauimus,
867 2075 1024 2114 libenti
1073 2075 1223 2114 animo
1256 2078 1551 2126 perseuerent,
1584 2088 1740 2116 uerum

105 2140 236 2180 etiam
268 2153 422 2181 eorum
453 2153 666 2181 numerus
708 2144 750 2181 et
796 2152 1056 2192 progressus
1086 2141 1131 2179 in
1179 2141 1274 2180 dies
1323 2141 1466 2191 magis
1511 2141 1741 2193 magisque

106 2209 337 2259 augeatur.
369 2207 478 2247 Nam
510 2219 662 2247 eorum
693 2207 769 2258 qui
801 2207 1046 2246 rhetoricae
1077 2206 1276 2246 facultati
1308 2206 1415 2246 dant
1453 2218 1647 2257 operam,
1692 2210 1741 2248 ut

106 2271 159 2311 de
188 2271 346 2312 ceteris
375 2272 597 2312 classibus
628 2274 811 2319 taceam,
845 2272 927 2311 hoc
958 2283 1076 2310 anno
1106 2283 1321 2310 numerus
1354 2282 1463 2321 pene
1502 2273 1569 2310 est
1596 2271 1741 2323 dupli-

105 2338 254 2386 catus3
287 2337 404 2377 inter
445 2349 559 2389 quos
588 2340 693 2377 sunt
741 2337 950 2376 nonnulli
982 2348 1069 2375 non
1116 2336 1318 2375 obscuris
1362 2336 1622 2386 parentibus
1654 2337 1739 2377 orti

100 2401 308 2453 Juuenes,
340 2403 417 2455 qui
447 2415 548 2442 cum
580 2402 827 2442 Bononiam
876 2401 1083 2442 studendi
1115 2401 1258 2452 gratia
1304 2401 1488 2452 profecti
1535 2402 1739 2452 publicos

105 2467 236 2508 Indos
265 2468 497 2520 adijssent,
532 2480 633 2507 mox
664 2468 710 2507 in
740 2475 755 2493 C
790 2470 967 2507 nostras
996 2467 1188 2509 scholas,
1221 2468 1433 2517 tanquam
1469 2466 1514 2505 in
1545 2468 1736 2517 portum,

105 2544 202 2573 sese
222 2535 494 2585 receperunt.
517 2533 606 2585 Alij
631 2545 736 2573 uero
758 2533 1027 2572 nobiliorum
1059 2531 1407 2571 adolescentium
1436 2534 1739 2583 praeceptores

104 2610 195 2638 una
223 2610 324 2638 eum
354 2598 450 2638 suis
479 2598 713 2649 discipulis
745 2599 920 2637 nostras
949 2597 1114 2636 classes
1143 2595 1161 2621 d
1195 2608 1370 2647 magna,
1402 2598 1451 2635 ut
1480 2608 1584 2647 prae
1613 2608 1660 2636 se
1681 2597 1739 2636 fe-

104 2665 224 2712 runt,
255 2663 486 2715 uoluptate
533 2664 829 2715 frequentant.
880 2662 1077 2712 Quorum
1120 2661 1320 2701 omnium
1350 2661 1396 2700 in
1426 2661 1589 2713 studijs
1630 2662 1736 2701 dili-

104 2729 315 2780 gentiam,
346 2729 453 2769 hinc
482 2728 585 2769 licet
614 2728 864 2780 intelligere
899 2736 929 2776 θ,
976 2727 1094 2779 quod
1126 2726 1332 2766 nonnulli
1377 2728 1549 2777 praeter
1590 2727 1737 2778 quoti-

137 2875 139 2877 ·
165 2897 184 2916 a
204 2882 240 2921 et
264 2898 392 2930 supra
414 2898 517 2922 vers.
542 2908 582 2911 —
605 2889 624 2915 b
645 2888 719 2920 iam
743 2897 869 2929 supra
897 2897 996 2919 vers.
1021 2906 1058 2909 —
1084 2895 1097 2914 c
1120 2895 1201 2918 mox
1223 2886 1259 2917 in
1284 2894 1408 2926 supra
1434 2889 1534 2918 vers.
1553 2904 1592 2908 —
1615 2886 1632 2912 d
1653 2895 1736 2919 nos—

103 2941 181 2974 tras
203 2942 342 2974 classes
365 2951 492 2984 supra
517 2950 619 2975 vers.
644 2960 684 2964 —
708 2950 723 2969 e
745 2941 907 2973 Emend.
932 2950 979 2972 es
1005 2940 1188 2980 colligere.

167 3057 176 3074 ¹
199 3054 294 3088 Vide
316 3064 351 3097 p.
376 3055 438 3087 325
460 3064 542 3097 sqq.
