2028 3531
327 239 389 274 178
792 238 993 274 ΙΛΤΤΒΒΑΕ
1019 238 1364 283 ΩοΑῡΗιΜΕεΤΗκΒ

277 370 342 397 nie
373 357 596 397 miserinlo
626 359 864 407 peccatore,
897 359 945 396 ut
972 357 1056 397 sim
1091 358 1265 397 stabilis
1294 360 1335 396 et
1366 355 1622 403 immobilis,
1655 355 1890 395 abundans

276 424 321 462 in
350 434 479 473 opere
510 421 668 461 Domni
712 433 896 472 semper.
931 422 976 462 V.
1011 422 1059 461 R.
1096 423 1139 461 Ι).
1188 422 1452 461 ineolumem
1496 420 1626 459 nobis
1668 420 1745 459 diu
1787 431 1892 459 con-

275 490 423 528 seruet
451 487 654 527 Christus
685 487 822 535 lesus,
853 487 929 536 qui
973 489 1038 526 est
1071 499 1202 538 super
1233 487 1310 525 hee
1339 485 1489 524 onmia
1529 484 1584 524 sit
1621 496 1792 535 semper
1821 484 1893 523 be-

276 553 477 592 nedictus
508 554 533 591 ¹.
586 575 630 578 —
664 551 848 601 'l'ornaej
894 553 945 591 :30
973 559 989 577 ³¹
1037 552 1177 591 Martii
1216 552 1308 590 1561
1344 574 1390 578 —
1424 550 1472 590 V.
1507 550 1554 588 R.
1602 550 1648 590 P.
1680 549 1893 600 indignus

275 629 432 656 seruus
464 617 504 655 in
539 617 615 655 ΧΑ)

1312 705 1496 742 loANxEs
1528 703 1795 742 MORTAIGNE
1825 702 1839 724 ²

361 841 582 891 Rogamus
611 852 758 880 amore
787 840 949 880 Christi
980 841 1034 879 ad
1067 852 1146 879 nos
1180 839 1287 888 mittj
1313 850 1449 889 grana
1471 837 1639 876 rosaria
1659 839 1737 876 ete.
1767 837 1893 875 bene-

275 905 392 944 dicta
433 917 531 944 eum
577 905 770 955 thesaurj
803 905 1111 944 declaratione.
1156 903 1336 943 Ostendi
1382 903 1462 941 has
1505 902 1673 941 litteras
1711 900 1893 939 domino

276 970 451 1009 Deeano
480 971 521 1009 et
550 970 863 1009 canonicorum
906 969 1188 1020 quibusdam,
1220 968 1295 1019 qui
1340 967 1403 1006 eis
1439 966 1677 1017 plurimum
1708 976 1893 1015 congra-

275 1035 402 1084 tulatj
436 1034 629 1081 fuerunt,
660 1036 702 1074 et
734 1046 808 1074 eas
837 1035 891 1074 ad
923 1035 973 1074 R.
998 1034 1047 1073 V.
1082 1034 1127 1074 P.
1160 1033 1269 1083 mittj
1304 1033 1542 1071 iusserunt.
1575 1031 1731 1070 Postea
1760 1029 1891 1069 etiam

275 1099 448 1139 ostendi
492 1101 744 1150 praesentes
787 1099 955 1139 litteras
1001 1099 1201 1149 pluribus
1244 1097 1346 1147 alijs
1387 1096 1629 1144 canonicis,
1663 1094 1895 1145 inprimis

275 1164 457 1204 domino
488 1164 686 1215 Dolgnye
715 1166 744 1211 ³.
777 1164 852 1215 qui
882 1164 1140 1215 designatus
1173 1163 1421 1213 episeopus,
1447 1172 1565 1200 nuno
1594 1162 1738 1200 auten]
1764 1171 1892 1198 cano-

277 1229 404 1268 nieus
432 1229 662 1268 eoadiutor
703 1231 745 1268 et.
775 1229 966 1268 vicarius
994 1231 1060 1268 est
1088 1228 1297 1278 episeopj.
1338 1228 1505 1266 l-lorum
1535 1225 1734 1265 omnium
1780 1235 1894 1263 eom-

278 1294 489 1333 missione
518 1294 599 1333 has
628 1294 754 1333 mitto
784 1294 839 1333 ad
873 1294 918 1333 V.
957 1294 1002 1333 R.
1035 1294 1081 1332 P.
1114 1305 1245 1343 quain
1278 1292 1361 1342 ipsi
1394 1291 1438 1330 in
1469 1291 1581 1330 Dno.
1618 1299 1896 1339 summopere

276 1359 513 1398 salutatam
556 1359 756 1409 cupiunt,
801 1370 975 1397 omnem
1018 1360 1056 1397 et
1101 1369 1227 1408 opem
1257 1359 1299 1396 et
1329 1359 1525 1396 fauorem
1556 1354 1759 1404 Sooietatj
1793 1353 1895 1392 offe-

278 1426 435 1464 rentes.
466 1447 516 1451 ——
545 1423 589 1463 Si
636 1424 683 1464 R.
714 1424 764 1463 V.
800 1424 845 1462 P.
879 1423 1105 1474 placuerit.
1138 1422 1283 1461 licebit
1315 1432 1466 1461 secure
1494 1423 1535 1459 et
1564 1419 1763 1470 expedite
1793 1418 1896 1457 seri—

280 1490 378 1528 bere
407 1489 461 1528 ad
492 1500 574 1528 nos
602 1500 679 1539 per
707 1489 825 1527 hune
857 1487 873 1513 Ι)
906 1490 1089 1538 postam.

359 1554 511 1604 Siyizlz'
540 1555 791 1605 vestigium.

1026 1801 1139 1848 496

562 1942 614 1991 Ρ.
665 1941 1053 1990 LUDOVICUS
1100 1939 1188 1989 DE
1235 1938 1616 1989 COUDRETO

679 2090 700 2113 E
728 2089 854 2114 VALLE
882 2089 930 2113 DE
957 2088 1086 2113 STURA
1114 2078 1136 2112 5
1162 2087 1322 2112 ΑΡΒΙωμ1
1351 2077 1436 2111 1561
1465 2078 1489 2111 ⁴.

278 2203 364 2237 1-3.
395 2200 457 2237 De
487 2199 650 2237 litteris
678 2199 799 2236 ultro
821 2198 1015 2247 citroque
1035 2199 1202 2235 missis.
1228 2197 1352 2235 Nihil
1379 2197 1486 2235 certi
1516 2196 1565 2234 de
1585 2196 1739 2245 ficturo
1770 2195 1900 2233 colle-

385 2266 456 2313 912'0
487 2265 655 2302 Montis
675 2264 858 2313 Reyalis
879 2263 1019 2301 dicere
1034 2263 1191 2312 potest.
1224 2262 1405 2311 Dialogyi
1430 2262 1586 2300 contra
1611 2260 1898 2299 bacchanalia

384 2331 550 2368 Romae
570 2329 751 2368 exhibiti
771 2328 1021 2378 exemplum
1040 2327 1195 2366 habere
1215 2328 1349 2377 cupit.
1373 2327 1425 2364 P.
1450 2326 1652 2365 Renatus
1680 2326 1896 2374 aegrotat.

387 2417 436 2420 —
455 2398 499 2432 4.
520 2395 578 2433 In
598 2394 792 2432 vallibus
822 2393 872 2432 de
901 2392 1040 2432 Stura
1068 2393 1105 2431 et
1126 2392 1374 2430 Barcelona
1404 2391 1687 2430 contionatus
1708 2391 1783 2429 est.
1807 2390 1899 2428 Ali-

388 2461 464 2508 qui
504 2459 714 2497 haeretici
742 2458 1092 2503 convertuntur;
1121 2457 1243 2495 dubii
1265 2456 1616 2505 confirmantur;
1637 2455 1736 2493 bovi
1757 2455 1900 2493 catho-

390 2525 464 2562 lici
492 2525 541 2562 in
571 2524 652 2572 fide
681 2523 954 2562 solidantur.

343 2672 419 2701 331)
439 2679 563 2711 snpra
592 2679 704 2707 ver-su,
729 2668 848 2700 deleto
874 2668 910 2699 102
926 2670 941 2699 ἱ)
967 2687 1003 2689 -
1028 2668 1045 2693 b
1067 2667 1125 2698 lm
1150 2667 1308 2698 videtur
1330 2667 1521 2707 scriptum
1557 2667 1597 2697 in
1623 2676 1691 2697 ms.

346 2810 353 2826 ¹
379 2807 429 2839 Cf.
456 2807 550 2838 Rom.
577 2807 637 2846 IX,
666 2807 696 2838 5.

345 2865 355 2880 ²
380 2861 430 2892 De
466 2860 648 2901 epistulae
671 2861 820 2892 auctore
850 2859 933 2891 vide
970 2858 1091 2899 Epist.
1134 2857 1173 2889 P.
1213 2857 1359 2890 Ναιῐαῖ.
1388 2857 1432 2895 11,
1457 2858 1538 2891 564:
1563 2858 1599 2888 et
1627 2856 1667 2888 A.
1701 2855 1899 2890 Poxcenss'r,

284 2914 305 2945 l.
331 2923 360 2945 e.
387 2913 413 2951 Ι,
440 2913 499 2944 144
521 2914 557 2944 et
581 2922 660 2953 sqq.

343 2970 355 2985 ²³
377 2966 564 2998 Gilhertus
587 2965 631 2997 de
648 2966 810 3006 Olgnies,
827 2964 893 3006 qui
916 2972 1014 2996 anno
1038 2963 1117 2995 1565
1139 2962 1268 2994 Carolo
1291 2962 1383 3002 Croy
1418 2963 1455 2994 in
1472 2963 1687 3003 episcopatu
1706 2961 1900 2993 suecessit.

347 3021 356 3037 ⁴
402 3019 452 3050 Ex
476 3019 620 3059 autogr.
647 3019 685 3050 in
709 3018 786 3050 eod.
813 3017 901 3049 Ital.
927 3016 1009 3055 117,
1033 3015 1068 3048 ff.
1096 3015 1250 3048 156-157:
1277 3015 1380 3056 prius
1403 3016 1550 3047 355-356.
