2028 3531
616 295 696 332 536.
722 316 769 321 —
794 294 977 331 CoLomA
1003 294 1025 329 4
1051 292 1157 329 Imm
1186 292 1273 328 1561
1648 292 1717 328 363

131 416 241 457 locis
269 416 476 468 reperies)
507 415 840 455 confirmantur.
873 412 1075 463 Singulis
1103 411 1222 451 enim
1254 412 1343 451 fere
1372 411 1425 450 de
1455 412 1588 450 rebus
1617 411 1766 450 catho-

130 481 214 522 lice
241 480 447 528 audiunt,
477 491 592 531 quae
623 479 788 531 passim
818 477 1043 524 haeretici,
1074 478 1152 516 aut
1180 476 1317 516 dubia
1348 475 1531 522 faciunt,
1563 478 1641 515 aut
1669 487 1767 526 por-

131 548 253 586 tenta
281 546 515 586 hominum
544 545 806 584 acclamant.
855 542 970 582 Hinc
999 549 1017 568 ἃ
1047 541 1179 581 auide
1217 541 1457 580 admodum
1488 552 1538 579 ac
1568 540 1766 579 studiose

131 611 338 651 catholici
369 610 574 656 audiunt,
606 611 700 649 tum
729 608 847 660 quod
880 607 1033 647 multis
1063 609 1179 646 retro
1208 605 1401 646 saeculis
1431 605 1545 644 nihil
1576 605 1663 644 tale
1692 617 1769 644 au-

131 676 310 724 dierint,
334 678 427 716 tum
457 675 577 727 quod
606 674 715 714 fides
735 685 869 725 quam
900 684 1058 712 sumus
1087 685 1111 711 a
1142 671 1404 723 parentibus
1434 670 1768 721 maioribusque

131 741 273 793 edoctj
305 753 397 780 non
426 741 517 780 sint
546 739 687 780 anilia
715 738 935 791 quaedam
966 740 1007 777 et
1038 737 1175 777 stulta
1207 736 1458 778 hominum.
1484 738 1527 774 vt
1557 735 1767 774 haeretici

133 806 426 853 mentiuntur,
470 806 733 845 commenta.
780 803 900 843 [dem
945 803 1075 842 Pater
1104 802 1148 841 in
1190 801 1357 841 scholis
1393 801 1560 840 nostris
1589 800 1643 839 de
1675 811 1770 850 pas-

133 872 260 911 sione
301 871 480 922 Dominj
511 870 765 910 contionem
795 868 866 908 die
897 869 994 919 ipso
1040 867 1289 918 palmarum
1319 866 1365 906 in
1396 868 1599 917 quartam
1635 876 1770 916 Vsque

135 937 290 978 horam
333 936 524 983 diduxit,
557 947 691 987 quam
736 936 946 985 putamus
989 945 1081 972 non
1126 933 1317 972 fructum
1363 931 1574 982 exiguum
1615 930 1770 970 tulisse

135 1001 432 1042 auditoribus.

214 1068 253 1108 4.
288 1067 381 1107 Hoc
410 1067 636 1118 praeterea
665 1064 979 1117 quadrimestri
1002 1066 1168 1115 septem
1192 1063 1239 1102 in
1261 1062 1525 1103 Societatem
1556 1061 1769 1112 praeclarj

135 1133 440 1173 adolescentes
468 1131 653 1171 admissi
683 1132 803 1175 sunt,
835 1142 1024 1181 quorum
1057 1131 1145 1168 tres
1166 1130 1271 1168 sunt
1300 1127 1564 1174 leodienses,
1596 1126 1773 1177 egregia

136 1199 278 1239 forma
306 1200 348 1238 et
378 1197 541 1237 indole.
584 1196 636 1236 Et
666 1196 713 1235 in
744 1195 800 1248 ijs
830 1195 1010 1247 quidem
1060 1206 1190 1242 vnus,
1240 1206 1340 1234 cum
1371 1205 1395 1232 a
1426 1192 1688 1244 parentibus
1717 1191 1773 1230 ad

136 1263 315 1315 negotia
344 1274 591 1313 causasque
633 1262 832 1301 forenses
874 1263 990 1300 esset
1028 1260 1250 1306 admotus,
1296 1258 1601 1309 coepissetque
1631 1257 1687 1296 ab
1717 1256 1774 1308 iJ's

136 1330 460 1375 exhorrescere,
493 1340 545 1367 ex
576 1339 738 1378 magno
768 1326 929 1366 salutis
963 1326 1236 1372 discrimine,
1269 1325 1315 1364 in
1345 1337 1434 1376 quo
1465 1323 1509 1363 id
1540 1322 1772 1362 hominum

137 1406 279 1446 genus
309 1395 512 1433 versatur
541 1393 799 1444 plurimum,
832 1392 1011 1442 iamque
1045 1384 1266 1442 expeteret
1297 1388 1462 1430 Christi
1504 1388 1652 1439 potius
1684 1399 1776 1427 ves-

137 1460 261 1512 tigijs
302 1471 471 1511 pauper
517 1459 738 1506 insistere,
788 1469 922 1509 quam
975 1457 1021 1496 in
1065 1456 1213 1496 causis
1261 1455 1506 1495 tractandis
1555 1454 1775 1504 rebusque

139 1525 394 1566 forensibus
422 1524 607 1572 versari,
639 1524 753 1563 clam
784 1536 809 1562 a
840 1523 1102 1574 parentibus
1131 1533 1227 1561 sese
1256 1521 1527 1565 subducens,
1565 1520 1652 1558 huc
1681 1530 1776 1569 pro-

139 1591 254 1643 fugit
282 1593 496 1642 tanquam
517 1590 573 1629 ad
598 1589 822 1641 quoddam
853 1600 960 1628 suae
990 1587 1151 1627 salutis
1180 1587 1371 1638 asylum,
1395 1588 1438 1625 et
1458 1585 1513 1624 ad
1534 1587 1776 1624 extremam

141 1659 241 1709 post
268 1656 550 1707 naufragium
584 1655 798 1695 tabulam.
833 1654 890 1693 At
920 1654 994 1693 vbi
1026 1655 1230 1704 parentes
1264 1652 1361 1691 eius
1390 1651 1544 1702 studij,
1577 1652 1618 1689 et
1648 1649 1777 1688 cuius

140 1723 187 1762 in
217 1722 479 1762 Societatem
510 1722 627 1760 esset
656 1720 812 1771 animj,
846 1719 1024 1759 tandem
1056 1719 1112 1758 ab
1141 1730 1192 1758 eo
1223 1718 1325 1769 factj
1357 1719 1463 1756 sunt
1492 1715 1675 1766 conscij,
1708 1726 1778 1753 vo-

140 1787 307 1828 cationi
350 1787 476 1826 nullo
520 1788 647 1837 pacto
691 1787 1013 1837 repugnarunt.
1048 1784 1114 1824 Ad
1147 1784 1323 1823 culinae
1362 1781 1658 1822 ministerium
1694 1780 1779 1830 pri-

142 1865 264 1893 mum
293 1852 519 1892 admissus
548 1854 628 1899 est,
661 1852 706 1891 in
738 1864 825 1902 qua
858 1850 933 1890 vili
964 1852 1007 1890 et
1037 1850 1218 1889 sordida
1251 1851 1368 1888 veste
1413 1848 1613 1893 indutuS,
1655 1848 1779 1885 tanta

141 1918 281 1959 animi
325 1917 627 1958 submissione
670 1920 804 1967 atque
850 1916 1085 1967 diligentia
1114 1927 1196 1954 suo
1227 1915 1487 1965 perfunctus
1516 1915 1582 1952 est
1612 1912 1776 1959 officio,

143 1986 190 2024 vt
218 1984 395 2035 insigne
425 1995 532 2022 suae
562 1982 729 2022 indolis
772 1981 995 2033 specimen
1040 1981 1170 2020 nobis
1215 1979 1458 2031 reliquerit,
1504 1978 1619 2029 quod
1653 1979 1695 2016 et
1724 1977 1778 2015 ad

143 2049 378 2090 Societatis
408 2049 562 2088 munia
604 2048 811 2088 obeunda
841 2049 897 2087 sit
928 2047 1107 2087 futurus
1151 2047 1356 2091 idoneus,
1389 2048 1429 2084 et
1459 2044 1670 2084 ecelesiae
1701 2042 1779 2082 Dei

143 2115 412 2167 quandoque
442 2114 564 2154 vtilis
584 2116 627 2154 et
646 2113 974 2153 accommodus.
1009 2113 1166 2152 Annos
1196 2112 1306 2151 forte
1339 2113 1471 2150 natus
1501 2112 1563 2148 est
1604 2110 1665 2149 19.
1704 2110 1781 2147 aut

142 2182 196 2221 020
224 2181 280 2220 ad
310 2192 549 2220 summum.
584 2180 708 2219 Alter
737 2181 803 2218 est
833 2178 1063 2217 nobilibus
1093 2180 1218 2217 ortus
1251 2176 1525 2227 parentibus,
1560 2175 1674 2213 iuter
1696 2176 1779 2212 tra-

144 2248 233 2286 tres
277 2239 383 2285 natu
434 2245 670 2292 maximus,
716 2245 771 2283 ad
801 2256 946 2295 quem,
978 2243 1016 2282 si
1047 2243 1276 2282 saeculum
1325 2242 1484 2281 fuisset
1531 2240 1778 2287 amplexus,

145 2313 330 2363 paterno
359 2313 402 2351 et
430 2310 574 2362 patrio
604 2310 700 2350 iure
730 2310 912 2361 quidam
943 2309 1202 2348 dominatus
1231 2308 1570 2347 deuolueliatur.
1607 2306 1685 2344 Hir
1707 2317 1781 2343 an-

146 2389 253 2417 num
283 2378 335 2416 202
364 2376 568 2423 excessit,
604 2375 651 2416 vt'
677 2376 861 2427 opinor,
911 2374 1115 2414 militiam
1160 2374 1340 2414 iuuenis
1382 2373 1568 2424 primum
1602 2373 1782 2410 secutus

145 2445 235 2491 est;
267 2445 368 2494 post
396 2442 630 2482 cuiusdam
660 2441 851 2488 abbatis,
883 2443 977 2480 tum
1008 2440 1190 2483 nobilis,
1222 2442 1315 2479 tum
1347 2439 1508 2489 opibus
1542 2436 1780 2479 affluentis,

147 2508 291 2548 factus
311 2509 377 2547 est
397 2518 680 2547 oeconomus,
712 2505 849 2556 Quem
881 2506 1059 2545 demum
1081 2505 1155 2544 vbi
1184 2505 1298 2544 vitae
1328 2502 1570 2543 saecularis
1600 2501 1780 2547 tederet,

144 2573 203 2613 ad
232 2573 495 2613 Societatem
525 2572 725 2611 animum
755 2571 931 2618 adiecit,
954 2573 996 2610 et
1027 2573 1260 2621 postquam
1292 2581 1380 2609 non
1404 2568 1517 2608 nihil
1543 2566 1784 2606 rhetoricae

148 2638 410 2685 studuisset,
443 2638 490 2677 in
519 2637 782 2678 Societatem
822 2637 1062 2687 adoptatus
1091 2639 1170 2675 est.
1204 2636 1367 2675 Verum
1403 2634 1674 2685 parentibus,
1706 2631 1783 2682 qui

150 2704 302 2756 Leodij
347 2705 695 2751 commorantur,
740 2703 847 2743 dum
890 2702 1029 2742 animi
1074 2702 1143 2742 sui
1189 2700 1547 2752 propensionem,
1598 2709 1697 2736 vum
1728 2696 1784 2735 ad

147 2769 428 2821 religionem,
474 2771 569 2809 tum
598 2769 669 2808 vel
699 2768 891 2808 maxime
920 2767 975 2807 ad
1010 2766 1245 2807 Societatis
1279 2766 1533 2805 institutum
1578 2762 1783 2813 aperiret,

151 2835 214 2875 ita
242 2847 318 2875 eos
347 2847 429 2876 suo
459 2847 662 2875 sermone
695 2834 953 2881 commouit,
986 2836 1032 2873 vt
1061 2833 1304 2884 lachrymis
1333 2831 1519 2883 profusi,
1564 2840 1785 2869 summam

148 2900 191 2940 ei
221 2901 470 2940 libertatem
518 2900 702 2940 fecerint
749 2899 976 2940 Christum
1024 2898 1305 2950 insequendi,
1351 2900 1394 2936 et
1422 2908 1473 2936 eo
1515 2907 1562 2934 se
1605 2893 1786 2933 nomine

212 3105 232 3124 a
250 3096 334 3130 Del.
359 3097 470 3129 enim.
