2028 3531
342 261 409 296 782
789 260 994 297 errmmr:
1028 260 1372 305 anmms‘rnns

273 379 431 419 dianas
452 378 675 426 lectiones,
707 390 820 429 quae
850 379 1014 418 multae
1043 380 1162 425 sunt,
1194 390 1243 417 ea
1273 377 1405 417 etiam
1435 389 1548 429 quae
1574 377 1891 429 interpretandi

274 444 414 495 gratia
446 443 681 482 traduntur
710 443 754 481 in
785 443 977 494 scriptis,
1008 443 1061 483 de
1092 441 1326 489 industria,
1359 442 1484 481 nullo
1514 442 1556 481 id
1588 442 1780 489 iubente,
1803 454 1893 482 me-

275 509 452 547 moriter
472 507 683 547 ediscant..
708 507 868 547 Verum
900 507 1010 547 illud
1040 510 1105 547 est
1136 506 1316 546 maioris
1347 506 1572 554 momenti,
1591 517 1666 546 eos
1695 507 1751 546 ab
1771 507 1892 547 omni

275 572 548 624 turpitudine
580 572 806 620 uitiorum,
838 573 1002 623 quibus
1031 574 1151 612 aetas
1182 571 1257 611 illa
1287 571 1479 610 obnoxia
1517 571 1755 611 admodum
1797 583 1893 612 esse

274 639 399 685 solet,
431 637 587 677 diuino
618 649 798 676 munere
827 637 1078 685 abhorrere,
1111 637 1306 687 adeoque
1337 636 1392 675 ad
1423 636 1627 687 pietatem
1658 648 1754 677 esse
1794 648 1892 688 pro-

275 714 448 753 pensos,
481 704 528 741 ut
559 713 647 740 non
676 701 823 740 desint
843 701 919 751 qui
949 703 1107 741 octauo
1136 712 1312 751 quoque
1342 699 1413 739 die
1441 700 1655 748 confiteri,
1678 702 1720 740 et
1740 701 1893 741 crebro

273 778 441 806 sacram
471 765 785 805 eucharistiam
828 777 1001 805 sumere
1043 767 1261 816 optantes,
1295 764 1338 803 id
1368 766 1409 804 et
1439 764 1617 808 assidue
1648 766 1812 815 petant,
1851 767 1893 805 et

273 832 522 881 frequenter
551 829 793 870 obtineant.
826 829 912 870 Nec
942 842 1048 870 sane
1080 841 1241 881 paruae
1261 831 1327 868 est
1348 828 1659 869 admirationis
1680 829 1751 869 his
1773 841 1893 881 prae-

272 896 399 946 cipue
429 894 717 946 temporibus,
749 895 964 946 quosdam
994 907 1046 934 ex
1076 894 1181 941 illis,
1204 894 1280 945 qui
1304 894 1389 933 iam
1420 893 1514 933 suis
1536 893 1893 945 praeceptoribus

272 962 413 1000 aetate
445 960 582 999 multo
612 961 716 999 sunt
764 960 1074 1010 prouectiores,
1126 961 1214 998 tam
1260 958 1481 998 modestos
1510 960 1552 998 et
1597 959 1892 1010 obsequentes

273 1025 438 1072 uidere,
484 1026 532 1063 ut
574 1023 794 1063 submisse
838 1036 936 1064 cum
986 1023 1187 1074 paruulis
1219 1034 1366 1074 preces
1410 1022 1613 1070 fundant,
1645 1034 1770 1062 sacro
1813 1023 1893 1063 fre-

271 1091 456 1141 quentes
485 1088 706 1136 intersint,
738 1090 967 1140 ceteraque
997 1088 1174 1140 pietatis
1202 1087 1350 1127 officia
1398 1089 1624 1138 peragant,
1656 1099 1682 1127 a
1728 1087 1893 1139 quibus

272 1166 391 1194 nunc
420 1153 588 1205 alioqui
618 1156 845 1204 tantopere
874 1153 1085 1193 iuuentus
1113 1155 1180 1192 est
1208 1152 1366 1193 aliena.

349 1221 388 1259 3.
421 1218 506 1259 Sed
535 1221 577 1259 et
621 1218 687 1258 illi
731 1219 806 1270 qui
851 1219 988 1258 sacris
1036 1218 1296 1258 muneribus
1340 1217 1596 1269 inuigilant,
1643 1217 1761 1258 haud
1792 1229 1893 1257 con·

273 1285 531 1324 temnendos
561 1295 744 1324 suorum
774 1284 984 1323 laborum·
1007 1284 1175 1323 fructus
1206 1283 1421 1322 hactenus
1450 1282 1669 1330 retulisse,
1715 1285 1756 1322 et
1784 1295 1891 1335 quo-

272 1349 378 1389 tidie
408 1349 568 1388 referre
598 1348 829 1391 uidentur:
876 1360 977 1387 nam
1008 1350 1051 1388 et
1093 1349 1333 1387 consuetus
1375 1359 1526 1387 eorum
1575 1359 1786 1387 numerus
1815 1347 1891 1399 qui

272 1413 436 1453 nostris
484 1415 661 1464 peccata
707 1413 921 1461 confiteri,
979 1415 1110 1464 atque
1174 1411 1543 1463 augustissimum
1599 1411 1893 1452 eucharistiae

271 1480 595 1518 sacramentum
626 1489 799 1518 sumere
828 1477 986 1523 solent,
1017 1479 1327 1524 conseruatur;
1359 1478 1401 1516 et
1430 1488 1517 1527 quo
1546 1477 1741 1527 tempore
1769 1488 1892 1516 sanc-

271 1543 494 1583 tissimum
521 1543 741 1594 jubileum
771 1542 854 1582 fuit
886 1542 1226 1592 promulgatum,
1260 1541 1380 1580 mille
1400 1541 1631 1580 hominum
1658 1552 1891 1581 numerum

271 1608 301 1660 ij
334 1610 615 1659 superarunt,
648 1607 724 1658 qui
747 1607 860 1646 idem
883 1607 928 1646 in
959 1609 1109 1646 nostro
1139 1606 1302 1656 templo
1333 1607 1607 1657 peregerunt.
1638 1605 1700 1645 Ex
1728 1605 1892 1657 quibus

272 1674 451 1713 fuerunt
483 1673 624 1720 multi,
656 1672 732 1723 qui
773 1672 908 1711 totius
937 1673 1039 1711 ante
1082 1673 1203 1711 actae
1252 1671 1369 1711 uitae
1412 1670 1600 1710 crimina
1629 1670 1892 1722 generaliter

270 1738 476 1781 confessi,
509 1750 555 1777 se
584 1738 639 1777 ad
670 1739 829 1777 bonam
862 1737 1048 1788 frugem,
1081 1739 1130 1776 ut
1158 1736 1334 1783 dicitur,
1372 1738 1642 1787 receperunt.
1692 1735 1892 1787 Singulis

271 1805 493 1855 praeterea
524 1803 648 1842 festis
677 1802 848 1849 diebus,
882 1804 931 1841 ut
959 1802 1071 1841 alias
1100 1801 1312 1852 scriptum
1342 1803 1422 1849 est,
1456 1802 1505 1842 R.
1537 1801 1585 1841 P.
1618 1801 1776 1841 Rector
1804 1803 1816 1825 ¹
1844 1801 1890 1840 in

270 1870 422 1908 nostro
451 1867 615 1918 templo
645 1867 956 1914 concionatum
989 1867 1106 1917 quod
1136 1878 1234 1906 cum
1265 1866 1375 1906 satis
1404 1866 1617 1916 amplum,
1666 1867 1780 1905 certe
1808 1865 1891 1905 hoc

269 1945 388 1973 anno
418 1932 651 1984 praecipue
693 1931 1038 1971 solemnioribus
1068 1931 1191 1970 festis
1239 1931 1575 1970 refertissimum
1618 1930 1715 1970 fuit.
1761 1929 1891 1970 Alius

270 2010 375 2038 uero
406 1999 535 2037 Pater
565 1997 681 2036 intra
711 1996 976 2036 domesticos
1006 1996 1194 2047 parietes
1226 1996 1377 2035 multis
1419 1995 1693 2043 hominibus,
1724 1995 1801 2047 qui
1844 1995 1890 2035 in

269 2064 469 2102 nostrum
500 2062 712 2101 sacellum
744 2063 841 2112 post
873 2072 1076 2111 vesperas
1106 2060 1263 2100 diebus
1311 2060 1436 2100 festis
1464 2059 1702 2100 conuenire
1730 2060 1888 2108 solent,

269 2138 318 2166 ea
347 2127 541 2166 declarat
569 2126 733 2177 quibus
762 2126 817 2164 ad
847 2125 1135 2164 christianam
1167 2124 1372 2175 pietatem
1403 2124 1567 2175 optime
1596 2123 1889 2165 instruantur.

271 2191 535 2231 Auditorum
565 2192 711 2230 autem
760 2190 1002 2240 profectum
1051 2201 1151 2228 cum
1198 2189 1424 2228 declarant
1470 2189 1646 2228 crebrae
1692 2188 1887 2236 illorum,

268 2256 494 2307 generales
524 2255 671 2302 etiam,
721 2253 1037 2301 confessiones,
1070 2255 1162 2292 tum
1206 2253 1250 2292 id
1297 2253 1487 2293 maxime
1534 2252 1728 2292 ostendit
1769 2253 1889 2303 quod

268 2321 468 2360 dicturus
497 2332 609 2360 sum.
660 2319 768 2359 Nam
819 2319 932 2358 inter
978 2318 1091 2357 alios
1139 2320 1256 2358 certa
1285 2318 1478 2369 quadam
1509 2317 1580 2358 die
1626 2317 1738 2358 ciuis
1772 2329 1890 2358 unus

268 2386 408 2433 diues,
432 2397 482 2425 ac
503 2396 590 2424 non
621 2385 810 2424 obscuro
832 2383 927 2423 loco
950 2385 1096 2430 natus,
1122 2383 1205 2422 fuit
1233 2383 1310 2434 qui
1339 2395 1438 2423 cum
1468 2382 1672 2423 concioni
1700 2384 1743 2422 et
1767 2382 1890 2422 horis

268 2450 550 2501 uespertinis,
581 2461 694 2501 quae
741 2461 766 2488 a
796 2448 961 2488 nostris
990 2448 1215 2487 decantari
1246 2448 1404 2496 solent,
1450 2447 1737 2496 interfuisset,
1770 2459 1886 2496 mox,

268 2516 339 2555 his
369 2515 571 2567 peractis,
617 2514 804 2554 exiliens
850 2525 997 2553 coram
1028 2512 1238 2552 uniuersa
1281 2513 1582 2560 multitudine,
1630 2524 1743 2564 quae
1785 2514 1889 2552 tunc

268 2580 433 2627 aderat,
464 2591 564 2619 cum
594 2577 845 2619 uehementi
875 2577 1066 2628 quodam
1088 2577 1242 2616 ardore
1262 2577 1400 2616 animi
1429 2576 1718 2617 exclamauit:
1747 2576 1886 2625 viuat,

268 2645 427 2696 inquit,
461 2644 583 2684 viuat
609 2644 739 2683 Jesus
768 2642 985 2689 Christus,
1019 2653 1096 2692 pro
1125 2653 1176 2680 eo
1199 2641 1308 2681 mihi
1338 2641 1601 2693 sanguinem
1622 2641 1888 2692 profundere

267 2711 482 2749 statutum
529 2710 609 2748 est.
643 2708 863 2758 Populum
894 2718 998 2746 uero
1028 2706 1285 2757 alloquens:
1335 2719 1361 2746 o
1391 2719 1488 2755 uos,
1537 2706 1698 2757 inquit,
1739 2705 1888 2746 felices

266 2776 398 2825 atque
446 2775 597 2813 beatos
627 2775 733 2824 (non
779 2772 896 2812 enim
944 2771 1038 2822 ipse
1067 2771 1356 2811 bononiensis
1386 2773 1510 2822 erat),
1542 2771 1706 2822 quibus
1734 2771 1886 2811 datum

266 2841 346 2887 est,
378 2841 426 2878 ut
455 2838 715 2878 Societatem
743 2837 848 2877 Jesu
892 2837 938 2875 in
970 2838 1115 2875 uestra
1158 2835 1337 2875 ciuitate
1368 2836 1529 2876 habere
1572 2835 1767 2887 possitis.
1808 2835 1888 2875 Ve-

330 3042 338 3057 ¹
363 3039 399 3071 P.
426 3039 643 3071 Franciscus
668 3037 817 3070 Palmi0.
