2028 3531
583 292 664 329 521.
693 313 734 318 —
763 291 922 328 Bunms
947 291 970 327 6
996 290 1095 326 ΜΑῙΙ
1124 290 1212 326 1561
1604 289 1669 325 301

86 424 337 464 magnaque
379 412 455 452 dat
501 412 630 463 signa
675 411 826 462 magni
855 422 959 462 erga
1007 421 1090 449 nos
1120 408 1304 448 fauoris.
1356 407 1547 458 Quidam
1595 408 1722 447 ducis

86 477 305 518 Bauariae
334 477 523 528 legatus,
546 477 665 528 quod
687 477 734 516 in
754 475 951 516 carmine
980 487 1070 525 quo
1100 474 1185 514 fuit
1205 475 1415 524 exceptus
1445 472 1636 512 illustris
1670 472 1721 511 il-

86 543 175 583 lius
219 542 434 594 principis
477 542 643 582 mentio
682 541 819 589 fieret,
852 543 1050 580 nostram
1080 551 1131 579 ac
1178 539 1286 579 noui
1316 538 1490 590 collegij
1541 550 1723 578 causam

85 608 205 660 apud
234 608 423 648 eundem
445 607 690 659 principem
711 619 758 647 se
779 606 1016 657 diligenter
1036 607 1241 645 acturum
1263 604 1481 656 promisit.
1505 602 1723 644 Catholici

85 673 268 725 quidam
298 673 485 724 praelati
514 684 597 712 sua
625 672 802 723 scripta,
834 682 948 722 quae
977 670 1156 722 quidem
1196 669 1243 709 in
1286 669 1517 720 publicum
1546 668 1638 707 sint
1666 667 1725 707 ef-

86 738 282 787 ferenda,
313 750 528 779 censurae
558 740 737 778 nostrae
766 736 1029 787 subiiciunt‚
1062 738 1103 775 et
1148 747 1174 775 a
1204 734 1335 775 nohis
1364 734 1591 774 orationes
1637 733 1724 773 sibi

86 815 413 855 nonnunquam
441 803 649 854 componi
678 802 948 849 desiderant,
981 813 1094 852 quas
1123 800 1209 852 ipsi
1240 800 1424 840 recitare
1453 798 1642 851 possint.

168 870 206 910 7.
230 869 292 909 De
313 869 527 908 fratribus
546 868 728 916 nostris,
751 868 828 919 qui
851 869 1090 907 uersantur
1110 866 1157 905 in
1177 865 1414 917 oybinensi
1437 863 1723 911 monasterio,

88 946 229 975 unum
259 934 372 974 illud
402 934 662 986 appendicis
692 934 834 973 instar
863 932 1042 983 adiJ'cio,
1074 931 1194 984 quod
1225 930 1455 980 nimirum,
1491 941 1591 969 cum
1628 928 1726 968 istis

87 999 319 1040 mensibus
348 999 593 1051 grauiores,
616 1011 751 1050 quam
780 999 1013 1040 hactenus.
1037 996 1369 1048 persecutiones
1406 997 1582 1047 propter
1602 994 1727 1034 iusti-

87 1065 196 1105 tiam
226 1065 347 1116 passi
377 1065 482 1112 sint,
513 1065 634 1104 Deus
662 1064 794 1104 etiam
826 1063 1038 1103 maiorem
1061 1074 1162 1102 cum
1193 1061 1438 1101 tentatione
1459 1061 1726 1112 prouentum

88 1130 252 1170 fecerit.
285 1130 397 1170 Nam
426 1129 653 1170 lutherani
684 1128 838 1169 rustici
869 1129 1112 1168 uoluerunt
1140 1138 1216 1167 eos
1250 1126 1490 1177 aliquoties
1510 1125 1726 1176 lapidare,

87 1198 130 1236 et
158 1195 513 1236 concionatorem
546 1206 873 1246 nonnunquam
902 1206 924 1233 e
954 1193 1135 1244 templo,
1167 1192 1288 1243 quod
1318 1194 1467 1231 tamen
1502 1190 1590 1230 iam
1612 1201 1729 1230 com-

87 1261 275 1302 missum
305 1261 437 1302 nobis
452 1269 470 1288 a
490 1263 571 1309 est,
594 1260 841 1308 eiecerunt;
873 1262 916 1300 et
935 1258 1144 1311 quamuis
1174 1270 1275 1298 eum
1296 1257 1529 1297 admittere
1549 1255 1729 1296 tandem

87 1329 366 1379 cogerentur,
412 1326 738 1379 prohibuerunt
776 1328 925 1365 tamen
968 1324 1225 1376 plebeculae
1255 1335 1310 1363 ne
1352 1322 1590 1363 conciones
1632 1321 1729 1360 eius

89 1392 277 1433 audiret.
310 1393 475 1432 Verum
522 1404 575 1432 ex
605 1392 705 1432 istis
752 1390 1142 1442 persecutionibus
1189 1389 1377 1429 uerbum
1426 1387 1502 1434 Dej
1545 1386 1730 1426 minime

90 1470 281 1498 uacuum
315 1458 460 1509 redijt,
492 1469 592 1498 cum
624 1458 707 1497 hac
736 1456 1077 1508 quadragesima
1119 1467 1209 1495 non
1240 1466 1378 1494 unum
1426 1453 1496 1493 uel
1540 1452 1729 1492 alterum

89 1523 322 1573 duntaxat,
377 1526 425 1563 ut
482 1523 610 1571 alias,
656 1523 733 1563 sed
777 1523 827 1561 10
873 1521 1270 1567 communicantes,
1320 1518 1516 1569 exceptis
1564 1517 1731 1557 nostris

90 1589 331 1629 habuerint
369 1588 401 1629 b.
443 1588 627 1641 [Preces
663 1589 869 1640 postulat
920 1589 960 1627 et
1007 1584 1256 1637 valedicit]
1301 1585 1469 1635 Pragae
1516 1584 1542 1622 4
1589 1594 1731 1622 nonas

91 1654 194 1706 maij
230 1654 381 1707 [1561].

200 1720 316 1760 Rdae
347 1721 394 1760 P.
427 1721 478 1760 V.
512 1719 859 1771 indignissimus
888 1718 1009 1758 filius

1024 1813 1257 1853 HENRICUS
1288 1812 1571 1852 Bmssmnus
1594 1812 1621 1850 1.

198 1903 227 1952 †
257 1901 612 1952 Quadrimestres
642 1910 896 1951 pragenses.

864 2129 966 2179 521

476 2291 529 2342 Ρ.
571 2289 850 2341 GASPAR
907 2288 996 2339 DE
1054 2265 1330 2338 DUENAS

665 2439 815 2465 BURG1s
840 2428 863 2464 6
890 2438 981 2463 MAII
1024 2427 1111 2463 1561
1140 2427 1165 2462 2.

95 2555 190 2590 1-2.
221 2551 455 2591 Sociorum
485 2562 719 2589 numerus.
756 2548 1050 2588 Candidatus.
1084 2547 1135 2587 P.
1158 2547 1359 2586 Hectoris
1389 2545 1628 2584 contiones.
1652 2544 1738 2582 La-

204 2617 362 2656 borum
391 2617 582 2667 fructus.
618 2615 742 2654 Cives
772 2615 1026 2665 frequentes
1056 2613 1114 2652 ad
1142 2611 1498 2651 sacramentam
1529 2609 1738 2648 nostrum

206 2683 421 2733 templum
465 2681 723 2721 accurrunt.
767 2681 856 2719 Reo
900 2679 1176 2729 supplicium
1219 2677 1426 2717 subituro
1458 2675 1642 2726 quidam
1685 2686 1739 2712 ex

159 2850 178 2868 a
199 2841 308 2874 nobis
331 2849 459 2882 supra
481 2849 584 2873 vers.
610 2858 650 2862 —
672 2839 691 2866 b
725 2838 888 2871 Emend.
913 2847 961 2871 ear
984 2837 1210 2870 habuerunt.

162 2987 173 3004 ¹
195 2984 289 3017 Vide
310 2983 407 3016 Lict.
437 2982 644 3022 Quadrim.
669 2981 730 3021 VI,
754 2981 827 3013 817.

162 3040 174 3058 2
197 3038 250 3070 Ex
273 3037 409 3079 origin.
434 3037 474 3068 in
497 3036 576 3068 cod.
602 3034 716 3076 Hisp.
740 3035 793 3073 98,
817 3033 854 3066 ff.
881 3034 952 3073 185,
980 3034 1056 3069 186:
1082 3032 1187 3074 prius
1210 3032 1283 3064 321.
1308 3030 1350 3063 In
1373 3030 1409 3062 ff.
1430 3029 1568 3062 200-0205
1590 3028 1741 3061 exstant

99 3091 174 3124 tria
197 3091 364 3124 eiusdem
387 3089 555 3131 exempla
577 3089 698 3121 latina
719 3088 809 3120 data
835 3087 915 3119 VIII
938 3086 1024 3119 idus
1048 3086 1177 3118 Maias,
