2028 3531
247 273 315 308 *192
718 272 920 309 Li‘r‘rnmn
948 273 1293 316 QUADRlMESTRES

202 403 297 430 runi
342 391 539 430 nouitate
583 391 674 430 fieri
705 391 833 439 solet)
865 390 1066 429 nonnulli
1100 401 1149 427 ex
1184 387 1342 426 vicinis
1390 387 1611 437 religiosis
1645 388 1819 426 obstare

202 455 464 501 voluerunt;
510 456 701 506 primum
747 456 992 506 praecibus,
1025 453 1182 492 ‹lcinde
1226 452 1357 491 etiam
1394 451 1493 490 lites
1542 451 1816 496 minitando;

202 532 319 559 nunc
343 532 442 559 vero
464 532 552 559 non
573 521 717 560 solum
739 521 794 559 ab
821 520 1025 558 instituto
1051 518 1328 563 destiterunt,
1354 528 1503 556 verum
1526 516 1657 556 etiam
1679 527 1820 567 aequo

201 585 350 624 animo
398 585 536 624 nostri
584 597 629 624 se
680 585 884 624 viciniam
938 585 1165 633 expectare
1218 582 1385 628 dicunt,
1435 580 1608 620 etiamsi
1644 580 1820 632 templis

203 649 365 700 templa
394 650 736 700 coniungantur,
769 649 886 700 quod
919 649 1030 687 idem
1063 647 1118 686 sit
1151 646 1251 685 linis
1281 646 1496 685 omnium.
1530 645 1605 685 Est
1633 645 1718 684 sita
1747 645 1822 684 do-

205 726 316 757 inus.
350 717 391 753 vt
422 715 529 763 (lixi,
562 715 605 753 in
639 715 741 753 vrbe
773 714 915 753 media
946 713 1067 752 iuxta
1106 711 1317 761 templum
1350 710 1590 749 maximum
1620 709 1822 749 ducentis

204 781 290 818 fere
333 779 553 829 passibus,
585 779 659 830 qui
692 779 815 818 locus
844 780 909 817 est
953 777 1089 816 totius
1121 776 1240 814 vrbis
1270 774 1685 825 frequentissimus3
1718 773 1823 814 emi-

202 846 274 883 tur
303 847 449 883 aulem
481 844 654 894 praecio
683 843 881 894 quinque
913 842 1099 881 millium
1139 851 1388 879 aureorum.

311 908 435 947 Faxit
464 908 667 948 Christus
688 910 731 947 vt
764 910 945 958 Vtraque
975 906 1148 953 (lomus,
1173 905 1346 943 interna
1376 904 1625 955 praecipue,
1648 905 1821 943 extrua-

204 975 274 1011 tur
303 975 344 1012 et
372 974 553 1012 ornetur
596 984 685 1011 non
727 972 1014 1022 putribilibus
1045 982 1152 1009 auro
1182 972 1224 1008 et
1254 971 1450 1020 argento,
1483 969 1559 1008 sed
1590 967 1824 1007 feruentis-

202 1037 315 1076 sima
344 1037 557 1076 charitate
586 1039 797 1088 perpetuo
826 1036 1052 1076 duratura.
1085 1034 1209 1084 Quod
1243 1036 1287 1073 vt
1317 1033 1446 1073 nobis
1476 1033 1653 1072 facilius
1681 1032 1824 1072 obtin-

203 1105 291 1153 gat,
314 1105 415 1142 tuae
446 1102 729 1142 Paternitatis
759 1101 1039 1141 orationibus
1067 1102 1110 1140 et
1138 1100 1368 1151 sacrificijs
1388 1099 1648 1150 suppliciter
1676 1098 1823 1138 iuuari

204 1166 440 1217 poscimus.
474 1190 523 1194 —
553 1166 693 1206 Toleti
738 1165 944 1207 Calendis
987 1164 1256 1216 Septembris
1299 1164 1406 1203 anni
1451 1164 1567 1203 1561.
1614 1163 1677 1202 Ex
1706 1174 1822 1203 com-

204 1231 415 1270 missione
445 1230 533 1271 R.d1
565 1232 611 1271 P.
645 1231 857 1271 Rectoris.

315 1295 363 1335 T.
396 1296 448 1335 R.
482 1297 529 1336 P.
563 1296 903 1347 indignissimus
934 1295 1053 1335 filius
1082 1296 1123 1334 et
1152 1305 1323 1333 seruus.

1444 1348 1473 1397 †

1208 1412 1401 1451 IoANNEs
1431 1411 1658 1451 Roessmus
1688 1412 1716 1450 1.

959 1657 1069 1707 ΞΜ

592 1798 901 1849 PETRUS
974 1797 1438 1848 HOLANDUS

651 1934 885 1960 viNDOBONA
915 1924 928 1959 1
959 1934 1207 1960 SEPTEMBRIS
1235 1924 1323 1960 1561
1349 1924 1374 1960 2.

204 2050 292 2085 1-2.
323 2045 555 2085 Sociorum
596 2056 829 2084 numerus.
861 2044 1090 2094 Religiosa
1133 2044 1389 2094 disciplina.
1420 2067 1472 2070 —
1516 2048 1557 2083 3.
1588 2043 1706 2083 Socii
1735 2044 1826 2083 alio

312 2111 456 2149 missi.
487 2131 539 2136 —
565 2113 610 2148 4.
639 2109 814 2147 Novicii
841 2109 1017 2147 ultimis
1046 2109 1271 2147 anensibus
1292 2109 1495 2148 admissi.
1519 2130 1569 2136 —
1599 2113 1693 2148 5-7.
1718 2108 1829 2148 Can-

313 2175 470 2214 didati.
502 2196 552 2201 —
582 2177 674 2212 8-9.
699 2173 939 2223 Cataloyus
977 2174 1221 2212 mittendus
1248 2174 1550 2223 promittitur.
1582 2175 1829 2224 Inferiores

313 2240 486 2280 scholae
515 2240 564 2278 ob
587 2240 755 2289 pestem
785 2239 979 2277 clausae.
1011 2261 1060 2265 —
1088 2243 1228 2277 10-11.
1258 2239 1521 2289 Superiores
1549 2239 1723 2278 scholae
1752 2239 1829 2288 flo—

314 2306 425 2354 rent,
456 2316 639 2355 spesque
667 2304 731 2343 est
755 2304 876 2352 illas,
895 2303 1215 2342 adiuvantibus
1238 2304 1532 2354 principibus,
1549 2304 1828 2353 florentiore-s·

207 2464 282 2503 (an.
308 2463 414 2503 1562).
441 2462 531 2495 Cum
553 2461 713 2503 primum
736 2460 854 2493 nostri
878 2469 976 2492 anno
1000 2461 1091 2499 1558,
1116 2469 1241 2492 mense
1264 2459 1424 2500 Octobri,
1449 2459 1618 2492 Toletum
1641 2460 1826 2501 adierunt,

207 2525 271 2557 per
293 2516 435 2557 aliquot
459 2523 603 2547 menses
620 2513 801 2555 hospitati
825 2514 913 2545 sunt
930 2513 968 2544 in
993 2512 1161 2545 aedificio
1184 2513 1281 2554 quod
1305 2513 1431 2554 pueris
1454 2513 1656 2546 educandis
1679 2513 1713 2554 («
1729 2512 1828 2545 Cole-

209 2569 269 2610 gio
292 2569 336 2601 de
359 2568 413 2600 los
437 2567 601 2600 Infantes
616 2567 651 2608 »)
674 2566 836 2607 archiep.
862 2565 1020 2598 Siliceus
1043 2567 1288 2598 exstruxerat.
1315 2566 1401 2598 Post
1424 2566 1463 2598 in
1487 2566 1593 2598 domo
1615 2566 1688 2598 Rui
1707 2565 1823 2607 Lopez

210 2623 254 2655 de
277 2614 424 2661 Malos,
449 2630 545 2663 quae
567 2620 703 2662 templo
726 2620 767 2652 D.
792 2619 1029 2661 Magdalenae
1053 2619 1229 2661 contigua
1252 2620 1343 2653 erat.
1374 2619 1442 2660 (Cf.
1467 2621 1504 2652 et
1526 2619 1712 2652 As'rRAm:
1736 2619 1828 2652 His-

209 2675 368 2713 toria...,
393 2674 437 2713 lI,
462 2673 584 2714 43-44).
610 2673 709 2711 Inde,
735 2681 832 2704 anno
857 2672 948 2710 1560,
972 2673 1015 2704 ut
1038 2672 1140 2704 locus
1164 2672 1314 2704 daretur
1341 2672 1490 2705 domino
1513 2672 1643 2705 Ioanni
1667 2672 1711 2705 de
1733 2672 1826 2704 Aus-

209 2728 293 2767 tria,
318 2727 357 2759 in
381 2727 475 2759 alias
498 2726 607 2759 aedes
629 2726 788 2767 migrare
811 2724 929 2757 coacti
953 2725 1053 2763 sunt,
1078 2724 1141 2756 ubi
1176 2725 1280 2766 prius
1304 2726 1387 2766 piae
1419 2725 1578 2758 feminae
1611 2724 1828 2757 habitarant

209 2780 277 2821 (Cf.
301 2781 338 2812 et
360 2780 485 2821 Epist.
513 2779 558 2811 P.
582 2778 729 2817 Nadal,
755 2778 799 2815 ΙΙ,
822 2778 872 2813 69,
897 2778 961 2816 87).
1001 2777 1098 2809 Haec
1122 2777 1252 2810 domus
1275 2778 1469 2810 dicebatur
1499 2777 1625 2810 Sancti
1650 2777 1824 2819 Spiritus,

209 2835 246 2864 et
267 2833 342 2865 sita
363 2833 443 2865 erat
468 2845 483 2861 «
506 2832 541 2864 al
564 2832 671 2864 torno
694 2831 738 2863 de
761 2830 816 2862 las
839 2829 1009 2862 Carretas
1032 2844 1062 2869 »,
1087 2839 1198 2871 quam
1228 2832 1357 2872 postea
1379 2831 1558 2864 moniales
1582 2831 1623 2864 D.
1648 2830 1827 2863 Bernardi

210 2886 457 2918 incoluerunt.

273 2941 282 2957 ¹
306 2938 357 2971 Cf.
382 2938 477 2971 Lm.
507 2937 725 2977 Quadrim.,
750 2936 809 2975 VI,
834 2936 906 2969 236.

273 2994 285 3011 2
307 2991 359 3023 Ex
381 2991 515 3033 origin.
540 2991 579 3023 in
612 2990 690 3022 eod.
719 2988 835 3030 Germ
858 2988 941 3024 139,
976 2988 1011 3020 ff.
1035 2989 1152 3027 90·94;
1178 2990 1281 3030 prius
1314 2990 1422 3023 64-68.
1458 2990 1682 3023 Particulam
1711 2989 1828 3036 edidit

211 3044 504 3077 BRAUNSBERGER
527 3044 566 3075 in
588 3042 632 3075 B.
656 3041 700 3075 P.
730 3040 887 3075 Oanisii
909 3040 1046 3083 Epist„
1072 3041 1133 3078 III,
1160 3042 1307 3075 759-761.
