2028 3531
595 293 677 330 5025.
707 315 750 318 —
778 292 936 329 OCANJA
966 293 1009 328 14
1036 291 1134 327 MA11
1163 291 1250 327 1561
1625 292 1695 328 313

212 414 260 451 in
287 412 469 462 pluviae
510 414 713 463 generali
749 413 947 463 penuria
990 413 1131 451 Deum
1157 411 1341 462 publica
1372 411 1671 450 obsecratione
1702 414 1742 451 et

210 479 285 516 sui
313 477 616 517 verberatione
641 479 824 529 placare
853 477 1139 516 contendunt.
1173 478 1381 516 [unieris
1424 478 1533 515 socii
1583 477 1741 515 aethor-

213 542 321 581 tatio
352 544 556 582 omnium
586 545 764 582 animos
793 543 1047 581 commovet.
1084 542 1275 580 Carmen
1319 542 1371 580 ab
1403 542 1589 581 alumno
1634 543 1742 580 reci-

211 607 354 646 tatum
384 608 547 647 scholis
576 607 925 647 benevolentiam
948 608 1089 657 parit.
1121 630 1172 633 —
1194 611 1235 645 3.
1257 608 1500 646 Insectatio
1530 608 1579 645 in
1599 609 1743 645 socios

208 672 377 712 sedata,
402 674 525 712 Lites
546 674 827 723 compositae.
853 694 901 699 —
921 676 965 711 4.
988 673 1143 722 Aliqui
1172 672 1492 723 spiritualibus
1513 673 1741 711 exercitiis

210 740 390 778 exculti.

186 862 220 901 1.
251 863 281 912 -ζ-
312 862 400 901 Ihs.
435 863 526 901 Pax
555 865 597 902 et
627 862 769 914 gratia
799 862 980 905 Christi,
1016 864 1097 902 etc.
1137 862 1358 914 [Breviter
1386 876 1431 901 se
1460 864 1742 913 scripturum

103 926 242 978 dicit]
266 927 469 967 Fratrum
490 939 704 967 numerus
726 929 824 978 post
853 927 1106 978 superiores
1136 927 1307 966 litteras
1328 928 1381 966 ad
1406 927 1453 966 P.
1474 926 1523 967 Τ.
1544 927 1706 965 missas
1728 928 1739 949 ¹

102 991 213 1031 satis
242 994 401 1031 auctus
430 994 519 1032 est:
544 992 797 1044 quindecim
831 1004 1024 1044 namque
1045 993 1117 1032 hic
1139 993 1270 1032 modo
1290 992 1510 1043 degimus,
1541 991 1740 1043 quinque

104 1057 271 1104 Patres,
304 1057 464 1108 reliqui
496 1069 602 1097 uero
633 1059 804 1103 fratres,
836 1070 1027 1109 quorum
1059 1057 1191 1108 ijdem
1228 1067 1261 1104 ³¹,
1294 1058 1347 1097 (le
1381 1057 1547 1109 quihus
1581 1057 1667 1096 iam
1699 1059 1742 1096 te

101 1122 330 1161 certiorem
362 1122 564 1170 fecimus,
605 1123 863 1162 erudiendis
907 1123 1190 1163 scholasticis
1235 1123 1515 1163 incumbunt.
1563 1122 1741 1173 [evincti

101 1189 363 1238 religiosam
383 1191 695 1239 perfectionem
717 1190 955 1240 adquirere
976 1188 1172 1240 curant]
1192 1188 1319 1228 Nunc
1339 1190 1487 1228 autem
1509 1188 1598 1227 duo
1620 1198 1742 1238 prae-

101 1254 314 1303 ceptores,
338 1253 512 1304 expleto
535 1254 813 1304 probationis
834 1254 1032 1294 biennio.
1055 1266 1154 1293 cum
1186 1266 1360 1317 semper
1393 1253 1609 1304 optimum
1644 1252 1743 1292 reli-

102 1318 253 1369 giosae
282 1319 401 1358 uitae
431 1319 653 1370 specimen
684 1319 926 1366 dedissent,
946 1320 1109 1371 triplici
1141 1320 1510 1360 scholasticorum
1542 1321 1646 1359 uoto
1664 1318 1740 1358 So-

101 1383 248 1423 cietati
270 1396 317 1424 se
338 1385 619 1425 addixerunt.
646 1385 706 1424 Ex
729 1385 785 1436 ijs
806 1385 954 1427 etiam.
978 1385 1054 1436 qui
1077 1386 1123 1424 in
1146 1386 1313 1425 scholis
1335 1385 1500 1425 nostris
1524 1396 1742 1436 gramma-

102 1448 214 1488 ticae
234 1449 463 1496 insudant,
486 1462 586 1489 cum
608 1450 683 1501 alij
718 1450 1115 1490 Dominicanorum
1139 1451 1395 1490 institutum
1417 1450 1508 1489 sint
1529 1449 1738 1500 amplexi,

101 1513 176 1565 alij
210 1526 316 1553 uero
346 1514 401 1553 ad
432 1514 756 1555 franciscanam
802 1515 1063 1567 religionem
1108 1516 1322 1566 aspirent,
1359 1517 1463 1555 sunt
1498 1515 1628 1554 etiam
1663 1513 1739 1565 qui

102 1578 149 1618 in
170 1581 323 1619 nostra
343 1579 561 1620 Societate
581 1581 757 1620 admitti
778 1583 819 1621 et
840 1581 1093 1621 desiderent
1122 1583 1165 1621 et
1193 1581 1438 1632 efflagitent
1468 1580 1509 1626 ὓς
1543 1582 1587 1619 at
1609 1579 1741 1619 iustis

101 1644 154 1684 de
182 1645 331 1684 causis
352 1646 551 1685 nondum
573 1646 782 1698 cuiquam
812 1658 966 1686 eorum
996 1659 1258 1686 concessum
1288 1649 1368 1686 est.
1402 1646 1521 1686 Deus
1547 1645 1627 1696 Op.
1654 1645 1736 1684 Ma.

101 1709 178 1761 qui
226 1712 314 1749 tam
349 1711 420 1762 pia
464 1713 568 1751 uota
617 1724 770 1752 eorum
822 1712 1046 1752 mentibus
1093 1712 1334 1763 suggessit,
1380 1724 1462 1751 sua
1505 1710 1741 1751 clementia

101 1775 299 1827 ipsorum
331 1776 451 1816 uotis
479 1777 740 1817 satisfaciat.

181 1841 220 1880 2.
253 1840 363 1882 Cum
385 1853 530 1882 sermo
552 1843 607 1882 ad
629 1843 922 1883 scholasticos
952 1843 1010 1883 sit
1039 1843 1265 1894 delapsus,
1298 1843 1460 1882 rationi
1492 1853 1740 1882 consonum

101 1905 293 1953 uidetur,
326 1907 417 1946 Deo
452 1907 644 1951 fauente,
690 1908 940 1948 studiorum
986 1911 1240 1948 nostrorum
1285 1908 1465 1948 reddere
1505 1907 1737 1946 rationem.

102 1971 328 2012 Hactenus
357 1984 455 2012 cum
496 1973 872 2013 confessariorum
919 1974 1102 2025 penuria
1141 1973 1398 2013 scholastici
1428 1972 1575 2013 audiri
1605 1984 1630 2011 a
1662 1972 1742 2011 Pa-

100 2036 245 2077 tribus
274 2038 458 2078 minime
488 2041 684 2090 possent,
732 2039 921 2079 maiores
965 2040 1224 2091 praesertim.
1264 2042 1388 2085 natu,
1420 2041 1462 2078 et
1491 2039 1547 2078 ab
1577 2037 1741 2089 studijs

99 2103 193 2142 eta
226 2103 407 2143 uirtutis
449 2104 521 2143 uia
559 2104 892 2156 aliquantulum
936 2105 1286 2150 declinauerant,
1331 2105 1405 2144 sed
1448 2106 1683 2155 postquam
1715 2115 1740 2142 a

102 2167 231 2207 Patre
261 2168 536 2208 Prouinciali
564 2171 579 2193 2
610 2169 716 2209 huic
746 2170 900 2209 morbo
929 2170 1132 2210 adhibita
1162 2170 1384 2210 medicina
1408 2172 1488 2216 est,
1513 2169 1574 2208 ita
1595 2179 1740 2208 mores

100 2234 346 2282 mutarunt,
379 2236 428 2274 ut
457 2235 512 2274 ad
543 2235 783 2286 pristinum
829 2238 995 2275 statum
1039 2247 1115 2275 eos
1159 2236 1345 2287 redijsse
1388 2235 1579 2275 credam.
1626 2233 1739 2274 Sunt

99 2298 261 2338 etenim
295 2299 437 2339 bonae
467 2300 648 2346 indolis,
681 2303 723 2340 et
751 2301 828 2352 qui
859 2301 988 2341 facile
1017 2313 1042 2340 a
1064 2301 1190 2351 uitijs
1219 2301 1499 2341 confessione
1530 2311 1741 2339 reuocan-

100 2365 186 2412 tur,
219 2376 300 2404 nec
330 2365 486 2417 iniquo
520 2366 672 2406 animo
715 2379 806 2406 non
849 2367 993 2406 solun]
1039 2367 1234 2419 singulis
1279 2366 1509 2406 mensibus
1551 2364 1740 2405 crimina

99 2429 372 2470 confessario
402 2432 622 2482 aperiunt,
654 2444 785 2484 quem
816 2444 966 2472 amore
998 2435 1329 2484 prosequuntur
1367 2443 1545 2482 magno,
1582 2442 1739 2470 uerum

100 2506 231 2546 saepe
269 2497 469 2536 crebrius
511 2497 751 2537 confitendi
796 2498 973 2537 ueniam
1005 2510 1030 2537 a
1066 2498 1293 2549 magistris
1336 2499 1596 2548 exposcunt.
1645 2495 1739 2535 Hoc

100 2572 238 2600 unum
284 2561 486 2609 referam,
531 2563 650 2613 quod
682 2563 727 2602 in
757 2565 847 2602 tam
878 2565 1029 2602 tenera
1070 2565 1212 2602 aetate
1255 2562 1641 2602 commendatione
1675 2559 1739 2599 di-

100 2637 237 2676 gnum
268 2626 448 2666 uidetur
476 2627 668 2667 maxime
697 2640 807 2668 esse.
841 2628 951 2668 Cum
984 2628 1195 2668 uniuersa
1227 2629 1316 2668 fere
1346 2628 1565 2679 Hispania
1598 2628 1661 2677 (ut
1683 2626 1738 2664 ab

99 2690 202 2742 alijs
233 2693 273 2731 te
312 2692 399 2731 iam
443 2693 648 2743 suspicor
689 2694 932 2745 accepisse)
979 2696 1157 2745 propter
1203 2694 1382 2745 pluuiae
1427 2692 1659 2744 penuriam
1690 2691 1736 2729 in

162 2876 178 2895 a
211 2868 293 2900 Del.
318 2878 488 2910 quorum.
514 2888 553 2891 ——
578 2869 595 2895 b
628 2869 752 2901 Prius
776 2870 989 2902 desiderant
1014 2872 1050 2902 et
1072 2870 1296 2912 efflagitant.

163 3038 172 3055 ¹
196 3036 289 3068 Vide
312 3046 347 3077 p.
372 3037 412 3068 67
435 3046 515 3079 sqq.

162 3091 174 3108 ²
196 3089 233 3122 P.
260 3089 446 3122 Antonius
470 3090 599 3122 Araoz.
