2028 3531
359 288 429 323 3⁴20
832 287 1034 324 hii-Tuam:
1060 288 1404 333 QUADfflMESTRus

316 406 521 445 nonnulli
555 418 656 457 prae
685 406 842 445 ceteris
873 406 1051 457 ingenio
1083 407 1298 457 pollentes
1344 406 1398 444 ad
1435 407 1629 445 nostram
1673 405 1933 446 Societatem

315 470 598 509 vehementer
628 471 803 510 inhiant
832 472 874 509 et
902 471 1105 510 ardenter
1125 471 1265 521 sucipi
1291 470 1384 522 [sic]
1407 470 1648 521 efflagitant,
1667 470 1934 510 desiderium

317 535 468 574 virtuti
499 536 781 585 copulantes;
816 547 917 574 nam
947 538 988 575 et
1018 535 1250 575 deuocioni
1279 537 1394 574 totos
1423 546 1469 574 se
1498 535 1680 582 dedunt,
1711 537 1752 574 et
1782 535 1836 574 ad
1865 547 1936 575 xe-

317 599 537 638 nodochia
560 599 788 646 uisitandi,
814 600 1074 639 consolandi
1096 612 1145 639 ac
1173 599 1349 639 tonendi
1375 611 1589 650 pauperes
1608 598 1772 639 Christi
1794 600 1937 650 gratia

317 663 518 703 ueniunt.
553 664 778 703 Interdum
809 675 985 715 quoque
1017 664 1231 715 publicas,
1264 663 1635 714 quemadmodum
1671 663 1766 714 ipsa
1798 675 1866 703 res
1894 666 1936 703 et

316 739 604 778 personarum
639 728 840 767 condicio
884 729 1063 779 patitur,
1096 728 1463 768 mortificaciones
1506 727 1688 767 faciunt.
1735 727 1937 767 Externis

316 803 339 831 e
370 792 561 842 populis,
592 795 635 832 et
664 793 883 832 interdum
915 793 1045 844 longe
1074 793 1238 832 abhinc
1266 793 1452 840 dissitis,
1498 793 1614 832 bona
1656 804 1758 843 pars
1795 792 1937 831 scola-

317 857 529 896 sticorum
553 858 770 908 prouenit.

396 923 435 961 6.
469 922 518 961 In
548 922 642 962 dies
673 923 814 974 magis
843 935 893 962 ac
923 923 1064 975 magis
1094 923 1325 963 Societatis
1354 925 1531 962 nostrae
1559 922 1729 974 puritas
1757 924 1799 962 et
1829 922 1937 962 veri-

319 988 387 1026 tas
416 987 585 1026 sincere
618 988 930 1038 conprobatur,
961 991 1002 1028 et
1033 990 1258 1039 perspecta
1300 987 1510 1027 omnibus
1550 987 1734 1034 efficitur,
1783 989 1826 1027 et
1866 998 1939 1027 ca-

318 1051 410 1091 lent
438 1064 593 1091 omnes
622 1054 788 1104 quanta
818 1065 917 1093 cum
962 1054 1153 1093 utilitate
1196 1056 1237 1092 et
1282 1053 1473 1104 profectu
1519 1053 1711 1093 filiorum
1755 1064 1937 1093 suorum

319 1118 435 1155 recta
463 1116 692 1157 institucio
721 1119 898 1157 nostrae
927 1117 1158 1158 Societatis
1187 1118 1533 1158 commendatur.

398 1181 435 1220 7.
468 1181 637 1221 Domus
665 1184 845 1221 externa
874 1182 1027 1233 paucis
1056 1182 1219 1221 abhinc
1248 1182 1406 1221 diebus
1439 1181 1492 1221 ad
1537 1181 1831 1221 comodiorem
1863 1181 1939 1220 ha—

320 1245 564 1285 bitancium
609 1258 739 1286 usum
782 1246 968 1286 dilatata
1009 1249 1097 1294 est;
1143 1247 1197 1285 ad
1241 1246 1466 1286 hortulum
1512 1248 1713 1286 nostrum
1744 1246 1939 1286 accessio

318 1310 446 1350 facta.
481 1310 688 1362 [Reliqua
716 1314 921 1351 consueto
943 1313 1099 1352 ordine
1118 1313 1372 1363 procedunt,
1404 1311 1499 1363 etc].
1532 1311 1761 1350 Belmonte
1790 1310 1940 1350 idibus

320 1375 421 1426 Maij
454 1388 572 1416 anno
601 1376 760 1416 salutis
790 1378 967 1416 nostrae
998 1376 1113 1416 1561.

426 1440 477 1480 D.
511 1441 561 1481 V.
595 1441 644 1481 P.
678 1441 892 1492 indignus
922 1440 970 1480 in
999 1441 1077 1480 X.0
1124 1441 1257 1481 filius.

1637 1522 1824 1573 QUADRA
1856 1525 1883 1563 1.

1075 1757 1188 1806 528

713 1899 749 1949 F
752 1898 1127 1949 RANCISCUS
1163 1898 1566 1948 STEPHANUS

862 2028 1047 2054 MESSANA
1075 2018 1118 2053 15
1144 2028 1236 2054 MAII
1265 2018 1349 2053 1561
1378 2018 1402 2054 2.

322 2143 360 2177 1.
391 2138 623 2177 Sociorum
666 2150 898 2177 numerus.
939 2138 1166 2176 valetudo.
1198 2159 1246 2163 -
1278 2141 1319 2175 2.
1351 2137 1531 2176 Scleolae
1560 2137 1732 2186 florent.
1769 2136 1942 2176 Correc-

430 2204 540 2242 toris
585 2204 699 2242 laus.
747 2202 947 2241 Curatur
988 2203 1038 2241 ut
1079 2214 1187 2252 gens
1230 2203 1452 2241 dissoluta
1490 2215 1509 2241 e
1553 2204 1732 2240 viciniis
1769 2202 1943 2251 collegii

430 2268 652 2306 arceatur.
676 2290 725 2293 —
748 2271 788 2305 3.
810 2267 921 2305 Inde
949 2269 1173 2305 sociorum
1195 2268 1469 2305 ewistin‘eatio
1492 2267 1611 2317 apud
1640 2268 1752 2305 cives
1773 2266 1939 2305 crescit.

428 2354 477 2358 —
506 2336 549 2371 4.
581 2331 854 2381 Spiritualia
883 2332 1138 2369 ministeria
1168 2343 1274 2380 erga
1300 2334 1547 2380 proximos.
1578 2332 1774 2370 Fructus
1803 2343 1943 2369 exem-

424 2398 517 2447 plis
547 2397 897 2435 demonstratur.
930 2396 1153 2434 Pecuniae
1195 2397 1514 2434 restitutiones.
1547 2397 1700 2434 Paces.
1732 2418 1783 2422 ——
1812 2400 1853 2434 5.
1888 2395 1943 2434 Ob

429 2462 752 2501 contionatoris
782 2461 1114 2511 obiurgationes
1143 2461 1389 2499 comoediae
1417 2461 1457 2499 et
1488 2461 1584 2499 ludi
1615 2461 1783 2508 lascivi,
1805 2461 1942 2499 recla-

431 2527 657 2565 mantibus
700 2539 789 2565 non
830 2528 1000 2576 paucis,
1045 2526 1345 2575 prohibentur.
1376 2548 1425 2552 —
1470 2530 1511 2564 6.
1556 2525 1607 2563 Ρ.
1639 2526 1943 2564 Provincialis

429 2594 623 2631 montem
651 2593 843 2642 pietatis,
874 2592 924 2630 ut
953 2591 1117 2639 dicunt,
1139 2593 1188 2630 in
1219 2592 1324 2630 urbe
1348 2591 1670 2641 Calatayirona
1698 2592 1941 2630 instaurat.

407 2716 442 2755 1.
474 2716 503 2765 †
533 2715 657 2754 Iesus
687 2714 825 2753 Maria
854 2737 904 2741 —-
935 2714 1025 2752 Pax
1055 2712 1219 2753 Christi
1258 2716 1337 2753 etc.
1368 2737 1417 2741 -—
1448 2713 1506 2752 Le
1548 2725 1648 2753 cose
1691 2715 1839 2752 nostre
1869 2724 1944 2764 per

325 2780 367 2819 la
399 2779 523 2818 Iddio
553 2779 695 2829 gratia
725 2790 875 2818 uanno
905 2778 1030 2823 hene,
1064 2780 1185 2817 tanto
1215 2778 1360 2829 quelle
1388 2778 1433 2817 di
1463 2789 1580 2825 casa,
1611 2789 1733 2817 come
1766 2778 1806 2817 le
1834 2777 1944 2816 altre

326 2843 370 2883 di
401 2844 541 2883 fuora.
574 2843 691 2883 Sono
725 2843 769 2882 in
799 2844 954 2893 questo
983 2842 1171 2892 collegio
1200 2842 1244 2881 di
1274 2842 1467 2881 Messina
1509 2842 1629 2881 diece
1657 2841 1873 2881 sacerdoti
1902 2843 1945 2881 et

388 3003 398 3020 ¹
422 3001 515 3034 Vide
537 3001 631 3034 Litt.
662 3001 867 3041 Quadrim.
894 3000 952 3040 VI,
979 3000 1051 3033 505.

388 3056 400 3074 ⁹
422 3054 476 3087 Ex
497 3054 632 3096 origin.
657 3055 697 3087 in
720 3054 798 3087 cod.
823 3054 902 3086 Sic.
926 3053 997 3085 181
1020 3072 1059 3076 -
1082 3053 1161 3086 Sic.
1188 3054 1270 3091 182,
1294 3053 1331 3086 ff.
1354 3054 1512 3093 aee-23&
1537 3053 1641 3095 prius
1663 3053 1792 3086 99-100.
