2028 3531
557 272 638 308 608.
666 293 709 298 ——
739 272 879 309 PRAGA
909 273 930 308 Q
958 273 1150 311 IANUARH
1179 273 1270 309 1560}
1626 272 1697 308 685

110 390 282 442 pientes
309 402 444 442 quam
474 391 631 430 suauis
660 392 718 431 sit
748 392 967 433 Dominus
997 395 1026 441 1,
1059 392 1241 432 assidua
1270 392 1463 444 quadam
1491 391 1743 442 interpella-

110 455 230 495 tione
259 455 432 495 easdem
466 456 777 506 expetiuerunt
806 458 1131 497 meditationes.
1156 458 1457 497 Veruntamen
1488 456 1531 495 id
1562 468 1743 507 possum

109 520 327 560 affirmare
356 520 410 560 de
439 521 664 566 omnibus,
697 523 814 572 quod
860 523 906 561 in
952 523 1167 573 petendis,
1200 521 1550 573 peragendisque
1592 521 1743 572 poeni-

109 585 262 637 tentiJ’s
284 585 353 625 ‘ita
384 586 636 637 frequentes
665 589 707 626 et
737 588 905 627 alacres
926 588 1142 628 hactenus
1163 587 1404 634 extiterint,
1427 588 1470 626 et
1498 586 1743 626 etiamnum

108 651 322 698 existunt,
367 651 452 690 hoc
494 662 620 690 sacro
665 653 924 702 praesertim
955 660 972 679 ³¹
1007 654 1230 693 aduentus
1272 655 1484 702 tempore,
1526 653 1576 691 ut
1618 651 1743 691 freno

110 716 273 767 potius,
304 728 439 767 quam
469 716 652 755 stimulo
684 717 923 757 uideantur
953 718 1165 769 indigere.
1199 717 1350 769 Neque
1393 717 1512 756 enim
1542 717 1743 756 satisfac-

107 781 253 821 tiones
282 793 361 832 pro
391 780 486 820 suis
515 781 742 821 erroribus
772 782 1002 822 humiliter
1031 795 1080 822 ac
1110 784 1267 834 sponte
1310 782 1476 828 subire,
1509 782 1581 821 uel
1610 782 1743 822 etiam

107 847 288 886 externa
319 846 479 897 piaque
509 846 687 897 negotia
717 848 923 897 precibus
953 848 1149 888 assiduis
1175 848 1266 887 Deo
1296 847 1605 887 commendare
1634 847 1745 887 satis

107 922 204 951 esse
232 911 416 958 ducunt,
448 910 558 962 quin
603 911 786 962 insuper
830 912 1006 952 uicibus
1049 915 1198 952 tamen
1244 912 1451 961 diuersis,
1484 924 1563 963 pro
1598 912 1743 952 foelici

107 975 279 1017 Galliae
309 978 444 1025 statu,
477 988 556 1027 pro
600 977 717 1016 bono
761 978 938 1028 concilij
984 990 1209 1025 successu,
1243 990 1321 1029 pro
1367 977 1674 1017 incolumitate
1703 979 1746 1017 et

108 1041 284 1093 magnis
313 1042 364 1083 R.
396 1042 444 1082 P.
478 1041 528 1082 V.
562 1053 612 1081 ac
643 1042 693 1081 R.
730 1043 776 1083 P.
811 1043 1111 1083 Prouincialis
1140 1045 1155 1067 2
1186 1043 1378 1094 negotijs
1414 1055 1464 1083 ac
1499 1043 1744 1094 laboribus,

107 1108 163 1147 ad
192 1107 469 1159 disciplinas,
500 1107 661 1154 cilicia,
695 1108 878 1155 ieiunia,
914 1121 1062 1159 preces
1093 1109 1449 1160 poenitentiales,
1487 1111 1529 1148 et
1558 1109 1746 1160 quaeuis

107 1173 197 1213 alia
225 1173 403 1225 pietatis
433 1185 568 1224 opera
610 1185 706 1213 sese
746 1174 999 1224 frequenter
1040 1174 1248 1214 offerunt.
1282 1174 1413 1214 Hunc
1454 1174 1630 1226 collegij
1662 1174 1745 1214 fer-

107 1250 260 1278 uorem
291 1238 342 1278 R.
376 1239 424 1278 P.
448 1238 658 1290 Lanoyus
679 1251 769 1278 non
791 1239 1072 1278 mediocriter
1095 1240 1316 1290 promouit
1337 1242 1379 1279 et
1401 1239 1543 1288 auxit,
1565 1240 1745 1291 quando

108 1315 251 1355 nuper
278 1316 331 1343 ex
375 1303 533 1343 itinere
576 1304 663 1343 huc·
707 1303 950 1352 diuertens,
985 1316 1066 1344 nos
1110 1304 1180 1355 pie
1223 1305 1543 1353 consolaretur,
1576 1317 1625 1344 ac
1654 1307 1744 1345 tam

109 1369 432 1420 frequentibus,
464 1381 597 1420 quam
629 1369 852 1420 religiosis
873 1370 1262 1409 exhortationibus
1294 1370 1340 1409 in
1375 1370 1601 1418 omnibus,
1632 1382 1746 1422 quae

108 1436 286 1474 nostrae
329 1436 436 1474 sunt
478 1434 745 1481 uocationis,
777 1434 1072 1474 confirmaret.
1111 1434 1341 1474 Caeterum
1385 1436 1434 1474 ut
1476 1435 1746 1475 aduersitate

106 1499 370 1550 consolatio,
402 1511 453 1539 ac
484 1499 601 1539 risus
644 1500 796 1539 dolore
839 1500 951 1539 solet
988 1500 1176 1547 misceri,
1210 1500 1270 1540 ita
1313 1500 1559 1540 discessum
1600 1500 1747 1540 Patris

107 1564 264 1617 Lanoij
309 1565 383 1616 pia
431 1577 550 1604 mors
595 1565 740 1604 Patris
784 1565 928 1605 Lucae
958 1567 972 1588 3
1003 1566 1151 1604 statim
1197 1567 1435 1606 consecuta
1477 1568 1557 1606 est.
1608 1565 1747 1606 Cuius

106 1642 268 1682 corpus
301 1642 377 1682 pro
407 1643 527 1670 more
544 1630 777 1671 Societatis
807 1631 981 1677 deuote,
1014 1643 1093 1670 nec
1114 1632 1282 1682 absque
1317 1643 1477 1683 magna
1507 1631 1748 1683 discipulo-

107 1708 205 1736 rum
226 1698 269 1736 et
288 1698 599 1736 extraneorum
620 1696 853 1736 hominum
875 1697 1020 1738 turba,
1039 1698 1080 1735 et
1101 1696 1407 1736 aedificatione
1423 1697 1645 1747 sepultum
1664 1698 1744 1738 est.

186 1761 225 1802 2.
258 1761 419 1802 Paucis
449 1761 555 1801 hinc
584 1761 829 1801 interiectis
860 1761 1032 1803 diebus.
1068 1762 1117 1801 R.
1153 1762 1200 1801 P.
1236 1762 1404 1802 Paulus
1435 1765 1465 1812 4,
1498 1761 1635 1802 huius
1663 1763 1748 1802 col-

107 1827 210 1879 legij
256 1829 412 1875 rector,
443 1839 478 1868 s.
509 1827 789 1867 obedientiae
829 1827 971 1866 literis
1017 1827 1235 1866 Viennam
1281 1829 1494 1867 euocatus
1536 1829 1615 1867 est.
1649 1827 1746 1878 Quo

109 1892 370 1944 priusquam
400 1893 709 1940 se'conferret,
742 1892 948 1943 singulos
979 1893 1133 1932 Patres
1162 1895 1204 1932 et
1233 1892 1251 1917 b
1274 1893 1431 1932 fratres
1462 1893 1744 1941 exosculans,

107 1970 198 1998 non
228 1958 325 1998 sine
355 1958 510 1998 multis
539 1958 782 2010 lachrymis
812 1959 868 1997 ab
898 1958 1110 1997 omnibus
1147 1958 1607 2009 collachrymantibus
1640 1959 1746 2011 filijs

108 2024 218 2072 suis,
250 2023 430 2064 ueniam
474 2024 706 2064 humiliter
748 2024 922 2075 petiuit.
970 2024 1110 2071 Vnde,
1163 2023 1366 2063 mirabile
1409 2024 1546 2071 dictu,
1578 2027 1747 2076 quanto

108 2089 327 2129 fraternae
356 2089 625 2136 dilectionis,
657 2089 929 2129 humilitatis
959 2092 1000 2129 et
1031 2089 1267 2140 religiosae
1310 2089 1488 2140 pietatis
1526 2089 1747 2130 desiderio

107 2156 359 2195 nostrorum
391 2154 531 2194 animi
553 2155 719 2195 fuerint
749 2154 1027 2195 inflammati.
1050 2154 1148 2194 Non
1169 2154 1286 2194 enim
1309 2154 1381 2194 hic
1403 2154 1472 2205 pie
1493 2154 1711 2195 duntaxat
1731 2162 1746 2181 0

107 2219 451 2268 admonitiones,
488 2222 565 2260 aut
594 2221 733 2260 uerba
757 2220 1071 2267 consolatoria,
1108 2220 1184 2259 sed
1214 2219 1347 2259 etiam
1380 2219 1486 2259 uiua
1528 2219 1746 2270 quaedam

108 2283 326 2324 uirtutum
355 2284 522 2336 effigies
551 2285 774 2336 apparuit,
793 2297 880 2336 qua
911 2287 952 2324 et
982 2288 1215 2336 paternum
1246 2284 1446 2324 animum
1477 2287 1519 2324 et
1539 2284 1745 2324 affectum

106 2350 355 2390 luculenter
395 2352 600 2399 testatus,
632 2350 696 2390 sie
730 2362 885 2390 omnes
931 2350 1173 2401 plurimum
1219 2350 1265 2388 in
1296 2350 1379 2389 hac
1423 2352 1575 2389 nostra
1619 2361 1747 2390 uoca-

108 2415 228 2455 tione
257 2416 554 2456 confirmauit.

169 2644 188 2663 a
208 2636 428 2677 praesertim
452 2636 497 2668 in
520 2636 614 2669 add.
640 2636 685 2668 in
708 2646 837 2678 margy.
865 2656 902 2659 —
927 2637 944 2663 b
965 2638 1002 2669 et
1025 2646 1150 2678 supra
1178 2646 1277 2669 vers.
1295 2655 1335 2658 —
1359 2645 1373 2663 c
1393 2636 1587 2668 dundaxat
1610 2645 1682 2669 ms.

172 2851 184 2870 ¹
207 2850 259 2884 Cf.
287 2850 347 2884 Ps.
372 2850 537 2891 XXXIII,
562 2851 594 2883 9.

171 2905 184 2923 ²
207 2904 244 2938 P.
270 2904 403 2937 Petrus
426 2904 616 2937 Canisius.

171 2960 183 2978 ³
205 2958 242 2991 P.
268 2958 388 2991 Lucas
410 2959 567 2991 Molitor.
591 2958 642 2991 Cf.
667 2958 814 2991 Lainii
837 2959 1011 2992 Monam.
1037 2960 1097 2999 VI,
1122 2960 1146 2992 l.
1172 2969 1202 2992 0.

171 3012 184 3030 ⁴
205 3012 242 3043 P.
268 3011 406 3045 Paulus
430 3012 605 3045 Hoffaeus
638 3012 776 3044 missus
800 3014 858 3045 est
881 3013 1063 3045 Viennam
1088 3014 1207 3045 rector
1236 3013 1396 3054 collegii.
1421 3012 1473 3045 Cf.
1498 3012 1644 3045 Lasinii
1669 3013 1746 3045 Mo-

108 3073 219 3098 num.
244 3065 305 3105 VI,
331 3066 402 3099 106.
