2028 3531
329 260 398 296 6902
802 258 1004 294 Lim-amn
1031 256 1379 300 QUAanEsTnns

284 380 458 419 nostras
488 377 676 424 audiuit,
699 389 749 416 ea
781 375 1009 422 modestia,
1033 377 1076 414 et
1099 375 1314 425 probitate
1336 375 1576 426 praeditus,
1601 376 1645 414 vt
1664 385 1771 414 suos
1790 385 1904 414 com-

285 443 507 482 militones
535 441 590 481 ad
636 441 829 480 melioris
862 440 974 478 vitae
1018 450 1217 478 normam
1263 440 1484 489 prouocet,
1516 450 1565 478 ac
1610 450 1730 489 spem
1776 437 1830 477 de
1858 449 1904 477 se

284 520 373 548 non
403 507 606 557 exiguam
639 505 767 545 nobis
800 504 1071 554 polliceatur.
1120 503 1406 551 Adolescens,
1438 503 1483 542 ni
1515 503 1658 550 fallor,
1693 502 1741 541 18
1769 513 1905 541 anno-

284 585 396 619 rum,
441 572 603 621 studijs
640 569 931 609 humanitatis
976 580 1063 606 non
1110 567 1373 607 infoeliciter
1415 567 1630 615 eruditus,
1664 569 1709 607 vt
1749 567 1815 606 vel
1859 565 1903 605 in

283 638 464 684 scholis,
497 637 565 675 vel
595 635 696 684 alijs
726 634 844 673 domi
890 632 1094 683 negotijs,
1126 632 1312 683 collegio
1345 632 1491 671 vtilem
1532 644 1709 682 operam
1740 631 1906 682 impen-

284 703 384 743 dere
413 701 679 753 quandoque
708 698 862 749 possit.
896 698 1074 736 Praeter
1102 697 1222 736 hunc
1242 696 1315 747 alij
1350 697 1454 736 item
1483 696 1735 736 scholastici
1766 695 1906 735 nostri

284 770 325 807 et
353 766 629 807 conuictores
663 762 896 803 Societatis
925 762 1254 812 amplectendae
1283 761 1551 801 desiderium
1582 773 1672 801 non
1706 760 1907 800 obscuris

285 832 427 883 signis
448 831 741 870 declararunt.
762 826 877 867 thffi
908 828 953 866 P.
980 829 1128 866 noster
1158 827 1315 866 Rector
1344 828 1356 850 1
1388 828 1452 865 est
1473 838 1551 866 ceu
1581 826 1783 865 dextrum
1814 823 1907 865 R.‘ii

288 898 398 937 Pris.
446 894 741 935 Prouincialis
769 895 783 917 ‘-'
815 893 1062 942 brachium,
1102 895 1145 931 vt
1188 892 1316 931 cuius
1358 903 1490 942 opera
1533 893 1576 931 et
1617 891 1820 941 consilijs
1862 890 1907 929 in

287 960 491 1001 maximis
522 959 658 999 totius
702 956 957 1008 prouinciae
1002 956 1191 1007 negotiis
1221 956 1281 995 vti
1312 956 1438 1003 solet,
1470 967 1600 1006 quem
1635 954 1824 995 subinde
1853 954 1909 994 ad

286 1026 373 1065 alia
405 1024 654 1070 inuisenda,
687 1022 972 1072 iuuandaque
1001 1021 1185 1071 collegia
1217 1020 1438 1060 destinare
1467 1020 1713 1060 consueuit.
1758 1020 1909 1070 Itaque

288 1103 377 1130 non
409 1101 506 1128 raro
554 1089 708 1127 abesse
755 1085 955 1136 cogitur:
1006 1085 1081 1124 sed
1127 1097 1258 1124 suum
1306 1084 1496 1135 quisque
1539 1095 1703 1124 munus
1733 1083 1908 1123 interim

288 1154 407 1195 domi
437 1154 531 1193 obit
560 1152 809 1202 diligenter.
843 1151 927 1190 Pro
958 1150 1112 1189 indicti
1143 1150 1318 1200 concilij
1352 1149 1496 1188 foelici
1532 1160 1737 1188 successu
1768 1147 1911 1199 quoti-

287 1220 446 1259 dianae
475 1229 640 1269 preces,
672 1218 714 1256 et
743 1215 1005 1255 afflictiones
1037 1217 1249 1260 peractae.
1284 1213 1682 1265 Indulgentiarum,
1714 1224 1826 1264 quas
1864 1212 1909 1251 in

286 1285 474 1325 eundem
505 1284 635 1322 finem
668 1281 872 1321 Pontifex
902 1281 1015 1320 Max.
1049 1280 1309 1330 publicauit,
1343 1291 1448 1319 vsus
1477 1281 1519 1318 et
1548 1279 1717 1318 fructus
1746 1277 1911 1318 nostris

288 1350 372 1390 fuit
402 1349 529 1388 valde
571 1346 809 1393 salutaris;
857 1345 1230 1395 quemadmodum
1261 1346 1303 1384 et
1332 1344 1562 1384 renouatio
1602 1343 1679 1382 illa
1708 1344 1910 1382 votorum

290 1415 413 1455 festis
443 1414 513 1453 his
543 1412 766 1462 natalicijs
796 1413 972 1450 nostros
1001 1410 1175 1449 animos
1204 1410 1324 1449 haud
1348 1421 1500 1460 parum
1527 1409 1573 1448 in
1595 1409 1678 1447 hoc
1708 1407 1912 1447 instituto

290 1478 585 1521 confirmauit.
936 1482 940 1487 ’

369 1545 407 1583 2.
432 1544 487 1583 Vt
507 1543 562 1582 ad
591 1541 868 1581 conuictores
892 1540 1080 1587 veniam,
1105 1540 1156 1579 922
1178 1541 1468 1579 numerantur
1488 1538 1554 1577 illi
1574 1551 1582 1577 :
1615 1549 1715 1576 nam
1739 1536 1914 1588 paucio-

292 1623 360 1650 res
381 1611 596 1649 hactenus
625 1607 831 1646 aluimus.
864 1605 1178 1645 Adolescentes
1208 1604 1410 1647 modesti.
1434 1603 1613 1650 dociles,
1636 1602 1789 1653 sobrij‚
1812 1602 1915 1641 sim—

294 1676 443 1728 plices,
476 1674 552 1725 pij,
585 1673 699 1712 inter
741 1683 853 1723 quos
882 1671 1014 1710 etiam
1060 1670 1232 1709 nobiles
1263 1669 1497 1708 nonnulli:
1544 1668 1750 1708 abierunt
1778 1667 1911 1714 enim,

292 1752 404 1793 quos
446 1741 573 1778 antea
621 1737 828 1776 molestos
871 1747 1028 1774 sumus
1056 1734 1239 1785 experti,
1272 1736 1504 1785 parentum
1548 1732 1841 1783 indulgentia,
1873 1733 1914 1771 et

293 1805 441 1845 nescio
471 1803 635 1855 quibus
677 1802 779 1852 alijS
808 1800 930 1851 vitijs
973 1800 1218 1850 deprauati.
1239 1798 1323 1848 Qui
1354 1801 1484 1838 antea
1505 1800 1698 1838 nostram
1722 1797 1767 1836 in
1790 1796 1914 1836 insti—

292 1870 456 1911 tuendo
498 1868 777 1908 seueritatem
809 1865 1126 1916 reprehendere
1170 1865 1254 1904 visi
1297 1866 1417 1911 sunt,
1450 1875 1568 1903 nunc
1606 1862 1915 1902 commendant

292 1935 586 1980 sedulitatem,
612 1934 655 1971 vt
677 1932 780 1971 hinc
800 1931 1048 1981 complures
1068 1930 1200 1968 etiam
1229 1929 1551 1980 praestantium
1577 1928 1808 1967 hominum
1836 1927 1913 1978 filij

293 2000 438 2047 nobis,
460 2001 724 2048 nostraeque
759 1996 859 2035 fidei
893 1994 1270 2037 commendentur,
1289 2006 1432 2044 neque
1452 1993 1554 2033 licet
1586 2004 1693 2032 sane
1726 1993 1914 2039 oblatos,

294 2066 429 2105 immo
450 2066 491 2103 et
520 2064 726 2102 obtrusos
747 2072 900 2100 omnes
929 2060 1173 2099 admittere.
1208 2059 1288 2098 His
1309 2059 1535 2098 adduntur
1562 2070 1639 2097 sex
1669 2057 1917 2108 praeclarae

294 2129 474 2176 indolis,
506 2130 548 2167 et
577 2126 793 2167 tenuioris
836 2126 1038 2164 fortunae
1069 2124 1207 2175 pueri,
1240 2135 1353 2174 quos
1382 2123 1428 2162 in
1457 2122 1644 2173 collegio
1676 2133 1915 2173 pauperum

296 2207 396 2234 mox
417 2193 626 2244 erigendo
647 2203 696 2231 ac
719 2191 891 2241 piorum
921 2202 1002 2240 ope
1025 2189 1316 2228 sustentando
1340 2188 1505 2239 primos
1526 2188 1616 2227 fore
1636 2187 1914 2227 confidimus.

374 2260 412 2299 3.
446 2259 508 2297 De
537 2258 759 2297 structura
787 2254 960 2305 collegij
995 2254 1077 2293 hoc
1107 2254 1251 2293 obiter
1280 2253 1455 2300 addam,
1491 2252 1653 2292 vtiliter
1681 2251 1917 2291 admodum

296 2324 427 2364 nobis
456 2324 654 2374 paratam
684 2332 779 2360 esse
810 2331 971 2359 nouam
1016 2318 1261 2367 ecclesiam,
1293 2320 1333 2357 et
1364 2318 1621 2357 adiunctum
1653 2316 1719 2356 illi
1752 2319 1920 2367 praeter

296 2390 384 2429 alia
431 2388 770 2440 hypocaustum,
816 2386 857 2424 et
920 2383 1198 2423 refectorium
1246 2382 1606 2422 commodissimo
1653 2393 1759 2421 sane
1805 2381 1915 2420 loco.

298 2455 344 2494 P.
371 2451 666 2493 Prouincialis
695 2449 815 2489 dedit
844 2460 1037 2499 operam,
1062 2450 1107 2486 vt
1136 2447 1442 2498 singularibus
1462 2446 1666 2497 precibus
1695 2446 1750 2485 ad
1779 2445 1916 2485 Deum

298 2519 410 2559 fusis
451 2517 689 2567 additaque
719 2514 1025 2555 benedictione
1070 2512 1346 2552 refectorium
1377 2513 1721 2551 consecraretur.
1752 2511 1802 2550 D.
1836 2510 1918 2551 Cu-

299 2584 515 2625 uillonius
543 2581 788 2622 orationem
818 2582 922 2619 tunc
952 2578 1108 2618 habuit
1137 2578 1398 2628 elegantem,
1429 2577 1632 2616 virtutem
1663 2575 1918 2616 huiusmodi

300 2647 656 2688 benedictionum
686 2644 939 2691 ostendens,
971 2645 1008 2682 et
1041 2643 1095 2682 ad
1126 2654 1293 2682 nouum
1324 2642 1529 2692 spiritum
1568 2641 1615 2680 in
1644 2640 1776 2680 nouis
1804 2640 1921 2679 aedi-

300 2715 383 2753 bus
425 2711 738 2751 declarandum
770 2721 851 2748 nos
895 2708 1147 2748 exhortans.
1179 2707 1286 2747 Cum
1319 2707 1475 2746 fratres
1508 2706 1554 2745 in
1584 2717 1685 2745 area
1713 2706 1921 2745 deambu-

299 2778 456 2825 larent,
500 2788 552 2816 ex
602 2775 846 2814 vicinorum
907 2772 1092 2812 aedibus
1138 2772 1465 2822 spectabantur,
1513 2771 1570 2809 ob
1619 2769 1732 2809 muri
1779 2768 1919 2809 nostri

363 2984 373 3001 ¹
398 2982 434 3014 P.
460 2981 634 3013 Nicolaus
660 2980 842 3020 Lanoyus.

363 3037 375 3054 ²³
398 3035 433 3067 S.
458 3035 589 3067 Petrus
613 3033 799 3066 Canisius.
