2028 3531
321 269 390 305 53a
807 271 1010 309 LITTERAE
1037 273 1380 317 Qmommsssrnns

276 388 362 428 huc
392 388 567 432 missos,
599 389 778 429 domum
810 390 991 429 remisit.
1027 390 1112 440 Alij
1148 390 1312 428 relictis
1341 390 1507 429 scholis
1554 391 1720 431 nostris
1761 393 1817 432 ad
1846 392 1889 433 S.

276 452 544 493 Germanum
574 454 839 493 defecerunt.
875 455 933 493 Ea
962 455 1113 493 schola
1143 456 1208 493 est
1239 453 1432 493 triuialis
1455 454 1530 503 (ita
1565 455 1683 494 enim
1718 459 1891 505 vocant,

275 529 390 568 quae
441 518 743 557 vniuersitatis
791 519 968 558 nomine
1017 532 1101 558 non
1153 519 1404 568 censentur)
1450 530 1538 558 non
1585 522 1686 559 ante
1732 521 1894 561 multos

275 594 418 621 annos
449 582 530 621 hac
560 582 604 621 in
637 584 754 629 vrbe,
786 583 1083 627 celeberrima,
1119 583 1191 622 sed
1226 583 1308 621 hoc
1337 583 1548 633 temporis
1590 584 1777 624 articulo
1822 585 1893 625 vix

275 647 330 685 ab
360 647 475 697 alijs,
508 659 639 698 quam
673 648 819 698 pueris
850 649 1139 697 frequentata,
1171 659 1358 697 quorum
1392 648 1630 688 multitudo
1660 661 1893 689 numerum

274 711 366 759 400,
399 714 445 751 vt
474 711 623 759 audio,
656 712 887 763 adaequat,
922 724 973 751 ne
1003 713 1143 751 (licam
1176 711 1359 751 excedit.
1394 712 1590 752 Alterum
1622 714 1741 765 quod
1772 715 1894 754 nulla

275 787 321 815 se
364 776 494 815 nobis
535 777 681 815 adhuc
709 777 882 816 occasio
912 777 1135 818 obtulerit.
1185 779 1227 815 vt
1256 776 1500 827 discipulos
1529 777 1575 817 in
1617 778 1894 819 conuictores

274 840 504 880 admittere
535 841 830 891 potuerimus;
863 841 1070 891 quamuis
1113 842 1165 880 ad
1198 841 1238 879 id
1272 841 1463 881 diuersis
1492 842 1765 893 temporibus
1803 855 1893 883 non

274 905 418 944 solum
463 905 677 945 fuerimus
720 907 962 956 prouocati,
994 907 1066 945 sed
1118 906 1309 945 lacessiti
1355 906 1502 957 potius
1530 919 1556 946 a
1585 907 1743 955 tribus,
1788 920 1894 959 qua·

276 972 432 1009 tuorue
461 971 713 1020 abbatibus,
751 971 911 1010 summi
958 971 1106 1021 templi
1139 970 1380 1019 canonicis,
1416 971 1607 1019 ciuibus,
1638 972 1894 1022 ciuiumque

276 1035 596 1086 potentissimis
625 1036 890 1087 quibusque,
922 1036 996 1086 qui
1031 1036 1274 1087 religiosos,
1314 1036 1445 1083 filiosn
1478 1039 1747 1088 nepotesque
1788 1049 1894 1077 suos

274 1112 299 1138 a
330 1100 458 1139 nobis
487 1100 620 1151 recipi
654 1100 804 1140 multis
836 1101 1038 1151 precibus
1067 1101 1402 1140 contenderunt.
1436 1101 1552 1151 Quin
1582 1102 1700 1153 quod
1744 1102 1891 1142 archi-

274 1164 510 1215 episcopus
548 1165 641 1215 ipse
671 1167 683 1189 1
715 1165 829 1204 hanc
851 1177 931 1204 nos
953 1165 1167 1204 rationem
1200 1166 1284 1204 iam
1309 1166 1464 1217 inijsse
1495 1168 1631 1214 ratus,
1673 1167 1893 1218 quendam

274 1230 414 1269 bonae
435 1230 528 1280 spei
550 1230 872 1269 adolescentem
904 1230 956 1269 ad
980 1242 1061 1269 nos
1092 1230 1226 1277 misit,
1250 1231 1498 1280 postulans,
1524 1232 1568 1270 vt
1588 1231 1893 1271 conuictorum

273 1296 525 1334 nostrorum
556 1294 768 1334 sodalicio
798 1295 1127 1345 adiungeretur,
1160 1295 1408 1346 theologiae
1440 1295 1557 1345 (nam
1598 1296 1760 1336 artium
1799 1308 1894 1336 cur-

274 1371 371 1398 sum
402 1358 611 1399 Coloniae
655 1360 922 1409 absoluerat)
960 1372 1136 1410 operam
1167 1360 1366 1399 daturus.
1414 1360 1658 1412 Vtrumque
1688 1361 1775 1400 iam
1809 1362 1893 1401 sub

274 1424 432 1463 incude
467 1426 681 1472 versatur,
713 1427 845 1474 atque
889 1425 1038 1463 omnia
1066 1437 1117 1463 ex
1149 1427 1250 1464 voto
1293 1437 1470 1476 sperare
1498 1425 1720 1474 iubemur,
1760 1427 1893 1466 etiam

274 1489 414 1528 breui.
449 1488 584 1538 Quae,
634 1489 670 1527 si
715 1490 849 1528 semel
898 1502 1201 1540 assequamur,
1250 1491 1412 1540 plures,
1458 1502 1546 1529 non
1590 1491 1761 1539 dubito,
1806 1491 1894 1531 huc

274 1553 496 1593 confluent
525 1553 749 1604 discipuli,
781 1566 911 1604 quam
944 1557 989 1593 vt
1018 1554 1070 1593 de
1102 1554 1321 1604 paucitate
1352 1555 1506 1594 merito
1536 1555 1637 1606 quis
1681 1555 1892 1606 conqueri

275 1619 343 1658 vel
374 1619 514 1669 possit
545 1619 609 1658 vel
641 1618 809 1658 debeat.

351 1683 390 1723 6.
423 1683 506 1723 Sed
549 1683 654 1723 dum
698 1686 993 1734 expectamus,
1027 1696 1115 1723 non
1149 1696 1374 1724 cessamus
1403 1687 1564 1724 tamen.
1598 1686 1746 1726 Missis
1775 1686 1892 1725 enim

272 1748 486 1799 catalogis
517 1759 591 1798 per
619 1748 899 1788 Germaniam
922 1749 1206 1799 superiorem,
1240 1749 1509 1797 Flandriam,
1542 1750 1890 1802 Lotharingiam,

273 1812 478 1859 Galliam,
511 1812 710 1862 aliasque
744 1813 910 1852 vicinas
940 1814 1208 1863 prouincias,
1242 1826 1329 1853 non
1364 1814 1548 1854 omnino
1577 1827 1756 1865 operam
1786 1815 1894 1854 lusi-

273 1889 386 1924 mus,
418 1877 746 1927 effecimusque,
782 1880 824 1916 vt
854 1889 1013 1917 nomen
1038 1878 1341 1918 vntum-sitatis
1370 1878 1611 1919 treuericae'
1633 1879 1767 1931 (quod
1789 1880 1893 1919 late-

273 1942 364 1981 bris
386 1942 572 1981 oblituit·
585 1941 679 1991 diu)
703 1942 914 1992 paulatim
937 1945 1068 1993 caput
1088 1943 1321 1989 attolleret,
1345 1945 1386 1982 et
1407 1944 1468 1982 ita
1488 1951 1506 1970 a
1528 1944 1574 1983 in
1595 1944 1808 1995 pristinae
1829 1944 1893 1983 di·

272 2006 456 2057 gnitatis
478 2006 655 2045 initium
685 2018 780 2045 sese
809 2009 1036 2053 assereret,
1062 2009 1107 2046 vt
1129 2007 1292 2047 relictis
1317 2008 1614 2048 celeberrimis
1635 2008 1889 2060 academijs,

272 2071 539 2119 louaniensi,
591 2071 839 2122 parisiensi,
887 2072 1132 2123 vicinisque
1180 2073 1518 2113 lutheranorum
1568 2074 1890 2125 marpurgensi,

271 2136 681 2187 duisseldorpiensi,
705 2136 1027 2187 duisbergensi,
1051 2138 1240 2188 alijsque
1271 2140 1361 2177 tum
1397 2139 1775 2186 Vniuersitatibus,
1798 2141 1891 2179 tum

271 2201 451 2244 scholis,
483 2213 594 2251 quas
624 2213 758 2251 supra
787 2201 988 2241 triuiales
1021 2202 1163 2241 vocari
1194 2203 1404 2251 diximus,
1436 2204 1616 2254 quidam
1651 2203 1777 2243 illinc
1805 2204 1892 2244 huc

271 2277 318 2305 se
346 2266 627 2305 contulerint.
676 2265 834 2305 Emissi
879 2269 983 2305 sunt
1025 2267 1156 2306 etiam
1187 2268 1376 2319 catalogi
1421 2268 1699 2315 recentiores,
1731 2268 1806 2320 qui
1836 2269 1892 2308 ad

270 2330 603 2370 renouationem
647 2331 892 2370 studiorum
938 2331 1181 2382 discipulos
1210 2332 1440 2372 aduocent.
1482 2332 1569 2372 Nec
1597 2333 1890 2373 dubitandum

270 2395 380 2445 quin
410 2395 518 2434 haec
546 2406 722 2446 quoque
752 2395 983 2446 diligentia
1006 2396 1051 2434 in
1072 2396 1340 2435 academiam
1372 2400 1568 2437 nostram
1589 2409 1721 2448 quam
1743 2398 1892 2449 plures

270 2460 328 2499 sit
356 2460 615 2500 adductura.
662 2460 891 2507 Exercitia,
924 2461 1087 2511 quibus
1130 2463 1221 2501 tum
1253 2461 1309 2500 ad
1339 2462 1560 2509 virtutem,
1593 2465 1684 2502 tum
1728 2462 1785 2502 ad
1821 2474 1890 2502 ca-

270 2525 510 2575 pessendas
539 2526 679 2564 bonas
721 2527 836 2564 artes
866 2525 1198 2573 extimulantur,
1230 2526 1408 2566 diuersa
1446 2529 1573 2575 sunt;
1607 2539 1684 2567 nec
1713 2539 1764 2567 ea
1792 2527 1891 2578 qui-

269 2590 366 2629 dem
398 2589 706 2641 infrequentia.
730 2589 941 2640 Theologi
965 2590 1033 2629 bis
1054 2590 1207 2641 legunt
1229 2591 1451 2641 quotidie;
1475 2592 1646 2643 logicus
1664 2594 1706 2631 et
1725 2592 1889 2641 rhetor,

270 2657 357 2702 ter;
405 2655 700 2694 humanarum
744 2654 969 2693 literarum
1016 2656 1299 2705 professores,
1345 2658 1514 2707 quater.
1561 2656 1706 2696 Finita
1750 2657 1890 2707 prima

268 2719 470 2766 lectione,
502 2730 656 2758 omnes
684 2731 730 2758 se
760 2719 993 2758 conferunt
1021 2720 1076 2758 ad
1106 2732 1295 2767 sacrum,
1327 2721 1445 2771 quod
1475 2721 1661 2772 quotitie
1697 2721 1891 2761 scholas-

268 2784 453 2823 ticorum
501 2784 643 2835 gratia
672 2783 718 2823 in
748 2784 910 2823 sacello
960 2785 1110 2823 nostro
1153 2785 1216 2833 fit,
1250 2785 1299 2824 ln
1337 2785 1478 2836 logica
1508 2786 1701 2837 singulis
1728 2786 1890 2826 hebdo-

329 2927 345 2945 a
368 2918 449 2951 Del.
475 2928 525 2951 se.

329 3044 339 3061 ¹
363 3042 518 3075 Ioannes
541 3042 585 3074 de
615 3042 733 3074 Petra.
