2028 3531
569 274 645 310 490.
672 295 716 299 —
744 273 861 309 Sabus
886 273 908 308 9
935 272 1164 308 Fssssaufflu
1194 272 1281 307 1561
1627 275 1694 309 149

108 406 134 432 a
165 393 333 444 piscare
363 405 440 444 per
469 392 508 432 le
538 393 686 444 piazze
715 404 738 432 e
767 403 939 443 sempre
969 392 1105 430 fanno
1135 393 1333 441 captura,
1357 391 1531 431 intanto
1562 393 1631 432 ch'
1655 393 1742 432 alle

108 459 227 499 uolte
257 470 312 498 ne
343 470 531 498 messano
563 459 612 498 15
641 470 665 497 a
695 458 947 498 confessare
977 457 1163 496 insieme
1203 456 1292 496 alla
1336 457 1501 496 chiesa.
1536 457 1584 496 Li
1615 458 1741 497 scho-

107 523 190 563 lari
235 535 384 564 uanno
428 524 553 571 bene,
585 526 626 563 et
668 523 781 563 oltra
812 523 842 562 li
876 522 1078 561 continui
1122 522 1283 561 ricordi
1327 522 1408 561 che
1452 522 1483 561 li
1527 522 1677 561 danno
1708 523 1739 562 li

108 589 285 628 maestri
315 589 420 639 ogni
451 589 624 640 giorno,
656 588 696 628 le
727 588 848 637 feste,
872 588 1019 638 doppo
1042 599 1219 637 pranso,
1244 599 1334 626 uno
1364 587 1409 626 (li
1440 587 1535 626 loro
1565 599 1738 638 sempre

106 654 201 705 lege
230 666 255 693 a
284 654 423 705 quelli
453 654 615 693 alcuna
643 665 746 693 cosa
776 652 1025 703 spirituale.

212 719 266 758 Di
296 719 469 759 Biuona
500 719 578 758 alli
609 719 666 758 ΙΙΟ
695 718 739 758 di
771 718 993 758 Februaro
1027 717 1144 757 1561.

212 784 265 823 Di
295 784 346 824 V.
380 784 431 825 R.
464 784 510 823 P.
544 784 746 835 figliuolo
766 785 809 823 et
828 794 958 822 seruo
980 782 1188 833 indegno.
1215 783 1297 822 Per
1316 782 1638 822 commessione
1668 782 1740 822 del

106 850 158 889 Pe
196 850 387 890 Rettore.

1195 938 1363 977 Pmmo
1394 938 1622 977 BELLONIO
1654 941 1683 979 1.

861 1207 976 1255 490

455 1360 733 1410 GASPAR
771 1359 1375 1410 CANTAGALLINIUS

623 1509 735 1536 smus
760 1500 782 1535 9
808 1509 1032 1535 FEBRUARII
1071 1499 1157 1534 1561
1189 1499 1213 1534 2.

98 1638 136 1672 1.
170 1633 356 1684 Collegit
384 1633 674 1671 incrementa.
709 1632 859 1670 Media
890 1632 947 1670 acl
976 1632 1240 1681 religiosam
1274 1632 1591 1681 perfectionem
1633 1645 1738 1682 pro-

205 1699 470 1738 movendam
500 1698 713 1737 adhibita.
759 1720 811 1724 ——
841 1701 883 1736 2.
913 1698 972 1736 In
1011 1699 1077 1736 rei
1119 1698 1372 1746 familiaris
1412 1698 1639 1747 (cuysnstiis
1670 1698 1738 1736 da·—

211 1767 363 1804 vinwm
406 1764 637 1803 (amilium
680 1764 993 1813 aperiuntur.
1026 1785 1076 1789 —
1108 1767 1149 1801 3.
1191 1763 1357 1802 Vicznae
1387 1764 1626 1802 cuiusdam
1675 1763 1738 1802 be-

206 1830 452 1880 neficentia.
502 1852 553 1855 —
599 1832 643 1867 4.
691 1829 850 1867 Patris
898 1829 1084 1867 rectoris
1132 1831 1181 1867 in
1230 1830 1494 1867 caninum-mn,
1542 1829 1738 1868 salutem

206 1896 391 1935 labores.
428 1895 598 1934 Cantus
627 1896 784 1933 suavis
814 1896 929 1933 cives
959 1894 1016 1932 acl
1047 1894 1261 1944 templum
1291 1894 1450 1933 allicit.
1475 1898 1584 1933 —5.
1606 1894 1737 1934 Scho-

207 1962 358 2000 larum
387 1961 535 2000 status
565 1961 604 1999 et
635 1960 864 1999 litteraria
893 1961 1121 1998 exercitia.
1146 1982 1196 1986 —
1218 1963 1259 1998 6.
1282 1960 1339 1998 In
1370 1971 1544 1999 carcere
1573 1960 1737 1999 detenti

204 2039 351 2066 ‘mores
380 2028 429 2065 in
459 2026 622 2065 melius
654 2026 846 2064 nuttam.
878 2047 925 2051 —
961 2029 1000 2063 ¹7.
1036 2025 1291 2064 Concursus
1337 2026 1393 2063 ad
1431 2027 1732 2064 sacramenta.

202 2093 342 2131 Fabri
363 2092 603 2131 cuiusdam
624 2092 772 2130 virtus
804 2091 1035 2130 landatur.
1059 2113 1111 2117 ——
1132 2094 1231 2129 8-9.
1262 2091 1531 2129 Florentium
1554 2091 1737 2130 ducissa

203 2159 385 2208 collegio
434 2158 699 2209 opitulatur,
743 2157 1035 2208 praesidique
1082 2157 1209 2196 urbis
1256 2157 1550 2196 conmmendat.
1612 2157 1737 2196 Cives

203 2225 324 2275 apud
353 2224 508 2262 ducem
533 2236 618 2274 pro
649 2224 833 2273 collegio
863 2223 1160 2261 intercedunt.

178 2361 214 2401 1.
243 2360 273 2410 ἦ
303 2360 391 2399 Ihs.
425 2359 577 2400 Maria.
607 2383 659 2386 —
688 2358 840 2399 Gratia
870 2360 913 2398 et
960 2369 1046 2409 pax
1076 2357 1127 2397 Xi
1168 2369 1341 2409 semper
1370 2358 1534 2397 animis
1568 2357 1737 2397 nostris

96 2425 289 2464 insideat
319 2424 539 2476 [Breviter
568 2425 758 2464 scribere
788 2423 1054 2475 conabitur]
1087 2423 1249 2463 Paucis
1278 2425 1381 2462 ante
1411 2423 1641 2462 mensibus
1662 2422 1735 2461 de-

95 2501 189 2530 cem
219 2502 405 2530 numero
436 2489 594 2529 fratres
614 2489 853 2540 collegium
883 2489 967 2528 hoc
988 2500 1175 2528 senense
1209 2488 1479 2535 incolebant,
1503 2487 1737 2527 scholasti-

95 2567 248 2595 corum
266 2567 372 2595 uero
402 2555 635 2594 dumtaxat
663 2556 857 2606 quatuor
886 2554 933 2593 in
955 2554 1277 2605 presentiarum
1302 2554 1416 2593 facta
1437 2556 1502 2593 est
1523 2552 1735 2599 accessio,

96 2620 309 2660 maiorem
353 2620 607 2672 propediem
652 2619 744 2659 fore
787 2631 942 2659 omnes
985 2619 1258 2667 laboramus,
1290 2630 1624 2670 speramusque.
1672 2618 1736 2657 Ex

95 2686 168 2726 his
197 2698 355 2738 nempe
398 2688 487 2725 tres
531 2687 637 2726 sunt
670 2685 936 2733 sacerdotes,
982 2687 1288 2736 praeceptores
1330 2685 1434 2735 duo,
1480 2696 1593 2736 quos
1636 2686 1736 2724 octo

158 2866 168 2884 ¹
191 2864 284 2897 Vide
307 2864 402 2897 Litt.
432 2863 640 2904 Qetaclrim.
665 2863 727 2903 VI,
751 2863 824 2896 831.

157 2920 169 2937 2
191 2918 245 2950 Ex
267 2926 393 2959 apogr.
419 2926 554 2950 coaevo
585 2917 625 2949 in
659 2917 738 2949 cod.
774 2916 882 2949 Rom.
918 2916 992 2948 126
1025 2915 1071 2948 A.
1106 2916 1142 2948 ff.
1180 2917 1327 2955 118-119,
1356 2916 1461 2957 prius
1495 2916 1560 2949 2-3.
1596 2915 1734 2957 Aliqua

95 2971 291 3003 emendata
314 2971 403 3003 sunt
425 2970 472 3003 ab
496 2970 632 3009 scriba,
658 2970 733 3002 alia
756 2979 778 3001 a
801 2969 972 3002 Polanco.
998 2969 1122 3001 Huius
1146 2969 1425 3002 emendationes
1459 2969 1499 3001 in
1522 2969 1734 3001 annotatio-

94 3024 206 3056 nibus
230 3024 468 3063 exhihentur‚
493 3024 639 3056 retenta
662 3023 702 3055 in
725 3024 833 3055 textu
856 3023 976 3064 prima
999 3023 1215 3064 scriptione.
1242 3023 1369 3055 Deleta
1392 3023 1432 3054 in
1455 3023 1573 3062 textu⁷
1592 3022 1733 3054 italicis

94 3077 232 3110 litteris
256 3078 443 3109 notamus
