2028 3531
347 273 415 310 5902
818 274 1021 311 LlrrnnAa
1056 276 1400 320 QUAnmmns'ars

299 404 431 443 quam
463 392 711 443 impertitur
740 392 831 432 'Rae
863 393 957 432 Rae
993 393 1246 439 maximam,
1277 404 1324 432 se
1355 393 1515 432 uestris
1546 393 1748 444 precibus
1776 395 1818 434 et
1847 406 1917 434 sa-

298 457 476 508 crificijs
504 458 782 497 commendat
809 457 1034 501 obnixius.
1066 458 1182 508 quod
1213 459 1255 496 et
1286 469 1367 496 nos
1396 457 1528 496 etiam
1560 458 1760 505 facimus,
1783 470 1916 509 quam

301 533 551 572 possumus,
586 522 846 563 humillime.
878 522 1086 562 Coloniae
1119 523 1234 567 1561,
1265 522 1317 561 26
1360 521 1636 562 Nouembris.
1683 523 1763 573 (Ex
1800 534 1915 562 com-

300 586 511 626 missione
541 587 591 626 R.
626 587 671 627 P.
703 587 841 626 nostri
873 587 1105 637 Leonardj)

378 650 426 691 T.
461 651 510 690 R.
545 651 591 690 P.
625 651 743 691 filius
774 651 986 702 indignus

954 774 1183 814 HENRICUS
1213 774 1440 814 SoMALlus
1470 775 1779 815 dionantensis
1808 778 1836 815 ¹.

1054 1020 1166 1070 589

665 1161 957 1212 IOANNES
1012 1161 1281 1211 PAULUS
1337 1161 1550 1212 OLIVA

764 1309 936 1335 Pnausm
963 1299 1009 1334 30
1034 1309 1265 1335 NOVEMBms
1294 1299 1379 1334 1561
1410 1305 1432 1335 2.

296 1423 334 1458 1.
364 1419 574 1459 Studium
600 1420 886 1469 perfectionis
914 1419 1243 1458 hortationibus
1278 1420 1437 1458 Patris
1471 1419 1706 1458 Generalis
1735 1421 1774 1459 et
1810 1420 1920 1459 Pro-

406 1485 613 1523 vincialis
641 1485 832 1533 itemque
850 1484 1009 1522 Patris
1031 1485 1220 1523 Polanci
1242 1486 1488 1523 incensum.
1513 1507 1563 1510 —
1584 1488 1625 1523 2.
1657 1483 1920 1524 Scholarum

403 1549 549 1588 status
590 1561 789 1598 prosper.
823 1571 871 1575 —
903 1552 992 1587 34.
1023 1549 1218 1588 Fructus
1247 1562 1300 1588 ex
1338 1550 1607 1588 ministeriis
1636 1562 1743 1599 erya
1766 1551 1921 1600 proxi-

404 1626 513 1662 mos,
544 1614 664 1663 apud
693 1625 802 1663 quos
831 1615 941 1652 socii
970 1625 1137 1663 magna
1167 1614 1391 1663 fruuntur
1419 1615 1764 1653 existimatione.
1794 1637 1845 1641 —
1878 1619 1920 1654 5.

404 1678 606 1716 Admissi
648 1679 697 1716 in
740 1677 1014 1716 Societatem.
1047 1700 1097 1704 -—
1128 1682 1169 1716 6.
1204 1677 1465 1717 Cardinalis
1508 1679 1548 1717 et
1581 1680 1771 1729 episcopi
1799 1691 1922 1728 peru-

403 1744 496 1782 sini
525 1742 837 1781 benevolentia.
867 1765 918 1768 —
950 1746 989 1780 ¹7.
1020 1743 1082 1781 De
1112 1743 1288 1792 collegii
1317 1742 1503 1792 fabrica.

379 1867 414 1905 1.
446 1865 539 1905 Yhs
567 1866 596 1916 -Ι-
626 1865 776 1905 Maria.
823 1865 956 1904 Molto
987 1864 1091 1905 Rd0.
1116 1865 1162 1904 in
1192 1865 1304 1916 Xpo.
1330 1866 1424 1905 Pre.
1458 1866 1549 1905 Pax
1570 1866 1671 1917 Xpi.
1698 1866 1922 1918 [Breviter

297 1932 469 1971 scribet.
521 1931 752 1970 Sociorum
799 1944 1018 1970 numerus
1056 1933 1175 1970 circa
1217 1932 1451 1979 sexdecim,
1491 1933 1689 1971 incertus
1733 1931 1919 1983 tamen]

299 1995 419 2035 Tutti
451 1996 553 2046 pero
582 1995 957 2046 diligentemente.
994 1995 1186 2034 secondo
1215 1995 1255 2034 le
1284 2007 1363 2035 sue
1392 1995 1522 2043 forze,
1554 1997 1596 2035 et
1625 1996 1921 2047 alegramente

298 2060 450 2099 hanno
498 2059 595 2099 fatti
626 2059 657 2099 li
687 2059 785 2099 suoi
834 2059 976 2110 offitij‚
1027 2059 1197 2099 incitati
1228 2072 1254 2099 a
1282 2062 1438 2111 questo
1485 2060 1799 2110 grandemente
1847 2072 1922 2111 per

298 2124 601 2164 l'esortationi
643 2124 714 2163 del
758 2126 910 2163 nostro
941 2124 1036 2163 Pre.
1069 2123 1282 2164 Generale
1311 2126 1351 2163 et
1382 2124 1451 2163 del
1482 2124 1578 2164 Pre.
1612 2125 1853 2172 Polancho,
1890 2125 1920 2164 li

298 2189 419 2241 quali
450 2189 657 2229 andando
687 2189 733 2228 in
764 2189 963 2236 Francia,
1004 2201 1219 2240 passorno
1250 2190 1302 2229 de
1332 2190 1449 2241 equi,
1481 2192 1522 2229 et
1551 2190 1819 2230 similmente
1848 2190 1918 2229 del

300 2254 374 2294 R.0
406 2255 501 2294 Pre.
533 2256 685 2294 nostro
731 2254 1009 2293 Prouinciale
1039 2256 1068 2299 ³.
1101 2255 1161 2293 tal
1205 2254 1285 2294 che
1329 2255 1446 2294 nella
1485 2255 1773 2294 renouatione
1815 2254 1920 2294 delli

299 2319 392 2358 uoti
422 2319 444 2358 e
473 2321 587 2358 stata
619 2319 737 2358 uista
765 2319 812 2358 in
841 2319 944 2358 tutti
974 2319 1140 2369 grande
1171 2321 1401 2370 prontezza
1430 2319 1475 2358 di
1505 2319 1669 2359 animo.
1702 2319 1763 2359 Ne
1786 2331 1921 2370 penso

361 2474 371 2491 ¹
395 2472 432 2505 P.
457 2472 640 2505 Henricus
663 2471 847 2504 Somalius
871 2480 934 2512 per
967 2471 1004 2503 id
1031 2472 1176 2512 tempus
1215 2471 1487 2513 philosophiam
1524 2472 1692 2504 docebat.
1723 2471 1774 2504 Cf.
1800 2471 1919 2511 DUHR,

299 2524 322 2558 l.
341 2534 371 2557 c.
388 2526 498 2564 16,18.
518 2525 674 2557 Exstant
697 2524 863 2566 duplices
886 2524 967 2556 eius
991 2524 1250 2565 responsiones
1273 2525 1318 2556 ad
1343 2525 1653 2566 interrogationes
1670 2524 1790 2556 Patris
1806 2524 1921 2556 Nadal

299 2578 360 2619 (II,
383 2578 446 2610 590
467 2579 564 2619 sqq.)
586 2587 682 2619 quae
704 2577 878 2609 videntur
901 2577 1121 2617 respondere
1144 2577 1427 2609 visitationibus
1451 2578 1640 2609 memorati
1669 2577 1788 2609 Patris
1811 2577 1921 2609 annis

300 2631 380 2662 1562
402 2631 438 2663 et
462 2632 542 2663 1566
564 2630 683 2663 factis.
710 2631 750 2662 In
774 2630 961 2671 prioribus
985 2631 1172 2670 responsis
1196 2630 1286 2662 dicit
1303 2639 1342 2662 se
1358 2639 1439 2662 esse
1455 2631 1738 2662 dionantensem
1754 2630 1815 2671 (ex
1832 2629 1921 2662 urbe

299 2684 471 2725 Dinant):
496 2683 632 2716 habere
648 2684 796 2716 circiter
816 2683 973 2724 triginta
997 2692 1132 2717 annos:
1157 2684 1243 2714 ante
1267 2684 1475 2724 ingressum
1500 2683 1538 2715 in
1562 2683 1783 2715 Societatem
1806 2683 1922 2715 fuisse

299 2737 508 2770 studiosum
533 2738 569 2769 et
593 2737 631 2769 in
655 2737 791 2778 templo
814 2737 1086 2770 concentorem:
1113 2736 1321 2777 ingressum
1345 2745 1430 2769 vero
1456 2736 1593 2768 Romae
1619 2737 1706 2768 ante
1728 2735 1920 2768 duodecim

299 2799 435 2830 annos;
460 2800 482 2822 a
504 2790 656 2822 biennio
679 2789 905 2822 sacerdotem
928 2789 1066 2821 factum
1090 2788 1279 2825 Coloniae:
1309 2789 1500 2821 habitasse
1529 2789 1673 2829 Romae,
1700 2789 1918 2828 Florentiae,

300 2842 476 2881 Mutinae,
491 2842 670 2882 Venetus,
690 2842 874 2881 Perusiae,
896 2841 1061 2874 Laureti:
1079 2841 1225 2873 demum
1242 2851 1286 2874 ex
1303 2842 1393 2874 urbe
1409 2842 1525 2874 Roma
1542 2843 1695 2874 missum
1712 2841 1918 2875 Coloniam:

299 2895 470 2928 docuisse
492 2896 640 2928 tandem
656 2895 800 2928 litteras
824 2894 1062 2926 humaniores
1085 2903 1203 2926 annos
1226 2894 1299 2927 fere
1322 2896 1500 2936 quattuor
1521 2895 1560 2927 in
1577 2894 1697 2933 Italia,
1715 2895 1751 2926 et
1767 2894 1919 2927 totidem

299 2948 373 2981 fere
396 2958 514 2981 annos
538 2948 812 2991 philosophiam
836 2948 1020 2981 Coloniae.

362 3004 374 3020 2
397 3001 448 3033 Ex
471 3003 630 3043 autogr„
655 3003 697 3034 ut
719 3001 878 3040 videtur,
904 3001 942 3033 in
965 3000 1043 3033 cod.
1071 3000 1175 3032 Rom.
1202 3001 1273 3032 126
1296 3001 1356 3041 A„
1374 3000 1408 3034 ff.
1441 3001 1596 3040 146-147;
1633 3001 1737 3042 prius
1769 3000 1918 3032 211-212.

362 3057 375 3074 ⁸
398 3055 433 3087 P.
460 3055 590 3087 Petrus
614 3055 873 3087 Ribadeneira.
