2028 3531
604 268 678 303 ΠΙ.
712 290 749 292 ψ
781 268 921 303 PRAGA
957 268 991 301 11
1027 267 1215 302 IANUARH
1249 267 1331 302 1561
1686 268 1732 303 65

149 399 233 426 nus
282 387 481 426 instaret.
513 400 601 438 quo
649 386 886 426 confitendi
938 387 1118 425 daretur
1166 386 1369 426 facultas.
1401 390 1678 437 expectatum
1718 390 1783 427 est

148 455 322 503 tempus
351 455 638 503 oportunum,
661 464 749 503 quo
782 463 984 491 morosus
1014 451 1176 502 hospes
1201 452 1391 500 abesset,
1414 454 1455 491 et
1486 452 1548 491 sic
1580 452 1784 492 infirmus

148 517 206 568 pij
240 517 446 566 desiderij
480 529 661 568 compos
690 518 872 556 effectus
902 519 981 556 est.
1015 516 1246 556 Caeterum
1277 528 1357 556 nec
1385 519 1567 556 externa
1595 517 1785 556 charita-

150 582 205 621 tis
234 594 367 633 opera
398 583 592 634 segniter
624 582 790 622 nostris
820 582 1036 633 proximis
1066 582 1399 633 impenduntur.
1433 582 1544 622 Nam
1565 586 1783 634 quantum

150 648 241 686 fieri
276 650 430 698 potest.
454 648 692 687 dominicis
721 660 771 687 ac
802 647 991 695 t'estiuis,
1017 648 1087 687 uel
1107 648 1288 699 quando
1309 648 1421 687 festa
1442 660 1532 687 non
1563 648 1782 697 incidunt,

150 712 352 763 mercurij
385 713 543 752 diebus
587 713 725 752 nostri
771 713 815 751 in
861 713 1113 752 carceribus
1155 713 1373 764 captiuos.
1406 713 1452 752 in
1483 713 1785 764 hospitalibus

150 790 380 829 pauperes,
416 781 455 817 et
495 779 675 828 passim.
709 779 783 818 ubi
820 780 1057 819 nonerunt.
1090 778 1307 826 infirmos,
1339 778 1520 825 adeunt,
1552 779 1786 818 consolan-

150 846 234 882 tur.
269 843 512 889 instruunt,
545 856 594 882 ac
628 844 776 894 petitis
804 843 1088 883 eleemosinis
1113 846 1324 884 recreant.
1356 844 1465 883 Nam
1498 844 1575 884 uni
1606 845 1785 896 captiuo

150 916 326 959 nupera
358 921 381 947 a
412 909 602 960 quodam
639 917 792 960 magf‘0
822 909 872 948 D.
909 909 1144 960 prandium
1189 912 1231 949 et
1273 921 1471 953 coenam,
1513 910 1652 950 donec
1695 922 1786 950 car-

149 986 245 1013 cere
277 974 555 1022 liberaretur,
578 974 769 1025 alijsque
801 974 955 1014 multis
984 986 1115 1025 saepe
1144 975 1373 1025 pecunias,
1397 976 1563 1025 quibus
1592 976 1716 1016 cibos
1736 988 1787 1016 ac

150 1041 296 1079 uestes
326 1042 536 1081 emerent.
569 1040 876 1091 impetrarunt.
909 1040 1025 1079 Hinc
1054 1040 1109 1079 ad
1144 1040 1387 1091 hospitalia
1429 1041 1610 1092 saepius
1651 1053 1786 1093 quam

147 1105 277 1144 statis
307 1105 466 1145 diebus
495 1106 757 1153 innitamur,
789 1108 830 1145 et
874 1106 926 1145 ad
972 1117 1169 1145 carceres
1213 1118 1538 1158 nonnunquam
1573 1119 1788 1147 uocamur

151 1170 305 1211 literis.
338 1171 503 1222 quibus
533 1171 699 1222 captiui
732 1174 952 1211 testantur
981 1183 1027 1211 se
1058 1174 1158 1222 post
1186 1172 1327 1212 Deum
1371 1173 1523 1212 nullos
1566 1173 1788 1213 fideliores

151 1238 362 1286 patronos
404 1237 611 1287 experiri,
643 1249 775 1288 quam
808 1249 883 1276 eos
913 1237 989 1288 qui
1029 1239 1082 1277 de
1112 1237 1330 1277 Societate
1373 1238 1678 1279 nominantur.
1716 1238 1788 1279 Sic

149 1301 223 1351 alij
258 1302 471 1353 religiosi,
504 1302 685 1352 quando
715 1302 919 1342 subditos
964 1303 1141 1342 uinctos
1183 1303 1397 1345 detinent.
1430 1306 1609 1343 nostros
1647 1316 1789 1344 accer-

149 1369 269 1407 sunt.
302 1369 351 1406 ut
379 1379 454 1406 eos
485 1368 538 1406 ad
570 1367 885 1409 obedientiam.
919 1368 972 1407 ad
1005 1368 1228 1419 pietatem,
1260 1370 1300 1407 et
1332 1369 1382 1407 ad
1409 1368 1426 1393 ¹³
1459 1369 1684 1409 meliorem
1723 1369 1787 1409 ui-

150 1434 237 1471 tam
270 1433 507 1473 instituant
539 1436 580 1473 et
611 1433 917 1473 adhortentur.

228 1501 266 1537 ti.
302 1499 497 1538 Vtuntur
539 1500 672 1538 etiam
716 1512 849 1550 opera
879 1502 1033 1539 nostra
1061 1500 1157 1540 suis
1187 1500 1234 1540 in
1265 1501 1397 1541 rebus
1427 1502 1652 1553 praecipui
1698 1504 1788 1541 tam

148 1565 386 1604 seculares.
419 1577 551 1616 quam
582 1565 886 1612 ecclesiastici,
920 1566 1127 1605 Boemiae
1166 1568 1378 1611 rectores:
1413 1580 1516 1607 nam
1559 1567 1790 1607 serenissi-

155 1641 252 1668 mus
282 1630 488 1681 princeps
519 1633 669 1670 noster
698 1631 786 1670 duo
817 1631 1086 1679 grauissima
1116 1631 1302 1683 negocia
1323 1641 1336 1658 ⁰
1365 1633 1429 1683 (ut
1457 1645 1572 1684 quae
1603 1633 1790 1672 minoris

148 1697 251 1733 sunt
285 1695 496 1735 momenti
541 1696 759 1747 omittam)
798 1696 927 1736 nobis
972 1696 1237 1747 perficienda
1280 1698 1588 1748 superioribus
1630 1698 1790 1738 diebus

149 1760 387 1811 imposuit:
421 1774 558 1801 unum
591 1765 681 1801 erat
716 1764 760 1801 ut
792 1774 1160 1813 componeremus
1184 1763 1536 1803 controuersiam
1558 1763 1789 1815 antiquam

149 1828 191 1864 et
221 1826 464 1873 difficilem,
496 1839 610 1879 quae
640 1828 756 1867 inter
787 1839 1027 1879 pragenses
1052 1829 1274 1879 praelatos
1295 1841 1345 1868 ac
1365 1829 1640 1868 serenissimi
1672 1829 1790 1880 prin-

81 1922 86 1928 .
149 1892 263 1943 cipis
296 1892 558 1943 primarium
589 1894 863 1933 sacellanum
894 1893 948 1933 de
983 1894 1078 1933 iure
1118 1896 1382 1945 patronatus
1424 1895 1584 1942 extitit,
1616 1906 1697 1934 nec
1725 1906 1749 1934 a
1770 1892 1790 1920 d

153 1957 262 1997 uiris
292 1958 460 2009 alioqui
493 1960 668 2010 magnis
698 1959 843 2010 potuit
873 1959 1127 1999 conciliari:
1160 1959 1271 2011 quin
1300 1972 1352 2000 eo
1381 1960 1569 2000 deducta
1610 1960 1709 2007 fuit,
1743 1961 1792 1999 ut

154 2035 239 2062 non
272 2024 418 2063 solum
448 2027 680 2075 appareret
709 2037 869 2064 causae
899 2025 1221 2071 controuersia,
1244 2025 1322 2065 sed
1342 2025 1473 2065 etiam
1497 2037 1789 2077 personarum

153 2090 406 2130 simultates
435 2093 476 2129 et
507 2090 844 2130 criminationes
874 2091 1164 2130 scandalosae
1189 2091 1397 2131 sereniss.
1423 2091 1638 2142 principis
1658 2093 1791 2142 atque

153 2155 343 2195 aliorum
377 2168 508 2196 aures
537 2156 827 2196 offenderent.
866 2156 1025 2196 Verum
1069 2168 1146 2207 per
1179 2168 1287 2196 suos
1315 2168 1471 2196 seruos
1500 2156 1791 2208 quant[umli-

153 2222 226 2261 bet
246 2222 342 2273 inu]
374 2222 476 2261 tiles
497 2230 513 2248 e
534 2222 585 2261 D.
611 2222 730 2261 Deus
759 2222 931 2262 efficere
961 2222 1173 2273 dignatus
1202 2224 1283 2266 est,
1308 2224 1355 2262 ut
1376 2234 1480 2273 pars
1502 2225 1689 2273 utraque
1718 2233 1792 2262 ue-

156 2287 328 2327 ritatem
374 2287 644 2339 intelligeret
674 2289 714 2326 et
751 2287 1146 2339 [amplecteretur]:
1179 2287 1290 2339 quin
1333 2288 1448 2327 iacto
1492 2287 1792 2328 contendendi

153 2353 255 2401 fine,
282 2353 474 2393 libenter
504 2354 551 2392 in
581 2355 784 2393 mutuam
813 2365 864 2392 ac
893 2353 1185 2392 christianam
1212 2352 1226 2378 f
1252 2353 1505 2393 animorum
1535 2352 1793 2393 reconcilia-

153 2419 320 2458 tionem
352 2419 699 2471 [consentirent;
742 2418 806 2471 ut]
852 2419 1016 2458 factum
1060 2430 1157 2458 esse
1199 2419 1327 2459 docet
1369 2418 1658 2469 experientia,
1690 2429 1791 2458 cum

156 2484 242 2524 iam
278 2484 559 2524 familiariter
587 2486 925 2531 conuersentur,
957 2495 1007 2523 ac
1036 2484 1172 2524 simul
1206 2484 1468 2536 prandeant,
1512 2483 1622 2537 [qu]i
1661 2486 1793 2523 antea

155 2562 269 2597 raro,
302 2562 383 2590 nec
413 2550 510 2589 sine
539 2550 826 2590 contentione
855 2549 1050 2601 colloqui
1080 2551 1422 2590 consueuerant.
1455 2550 1539 2589 Hic
1572 2549 1686 2589 alias
1711 2561 1792 2600 ego

153 2615 406 2655 simultates
435 2617 478 2655 et
507 2615 828 2663 dissensiones,
851 2627 964 2666 quas
993 2627 1071 2666 per
1099 2617 1278 2655 nostros
1306 2615 1461 2655 tollere
1485 2615 1698 2666 dignatus
1727 2616 1793 2654 est

155 2681 290 2728 Deus,
322 2693 458 2721 causa
488 2680 723 2721 breuitatis
751 2681 922 2721 omitto.
955 2681 1154 2720 Alterum
1188 2681 1421 2732 negocium
1465 2681 1585 2732 quod
1624 2680 1794 2732 praela-

155 2750 301 2787 torum
332 2759 383 2787 ac
402 2754 422 2781 g
450 2749 603 2787 nostra
633 2747 769 2786 simul
789 2759 923 2798 opera
944 2747 1092 2798 perfici
1114 2747 1261 2787 uoluit
1281 2745 1299 2772 h
1330 2746 1644 2786 serenissimus
1670 2746 1793 2797 prin-

213 2921 233 2940 a
254 2922 374 2954 nuper
405 2914 451 2945 in
484 2922 612 2954 mary.
650 2932 688 2935 —
722 2913 740 2939 b
771 2912 818 2945 ad
850 2922 977 2954 supra
1012 2921 1115 2945 vers.
1143 2931 1183 2934 ἡ
1207 2921 1222 2940 e
1242 2912 1328 2953 Seq.
1354 2922 1389 2945 v.
1415 2912 1488 2944 del.
1515 2931 1554 2934 —
1577 2912 1595 2938 d
1618 2921 1640 2944 a
1664 2919 1792 2952 supra

153 2975 257 2999 vers.
274 2985 314 2989 ——
332 2975 348 2993 e
368 2966 450 2999 Hoc
466 2967 546 2999 Ioco
562 2968 597 2999 et
613 2966 658 2998 in
674 2966 805 2999 tribus
821 2975 898 3007 seq.
917 2966 1038 2999 lineis
1060 2966 1244 2998 abscissa
1267 2967 1324 2998 est
1347 2966 1510 2998 chartae
1526 2975 1644 3007 pars.
1669 2964 1794 2996 Verba

155 3029 257 3061 quae
293 3020 582 3053 desiderantur
614 3020 846 3062 supplemus
868 3029 917 3052 ρας
939 3020 1112 3061 eoeeiitplo
1135 3019 1179 3051 B.
1205 3038 1244 3042 —
1267 3020 1280 3046 f
1303 3019 1444 3052 Praec.
1468 3029 1504 3052 v.
1530 3019 1576 3051 in
1600 3028 1727 3059 mar-9.
1752 3036 1793 3040 —

155 3082 174 3107 {³
194 3072 276 3106 Del.
302 3074 426 3106 simul.
451 3093 492 3097 -—
515 3073 534 3100 h
556 3073 678 3106 uoluit
699 3073 745 3105 in
768 3082 896 3114 marg.

229 3163 390 3190 LITTERAE
411 3163 689 3197 QUADRJMESTRES.
711 3179 742 3182 —
764 3163 844 3190 Tou.
868 3162 934 3189 Vll.
1706 3161 1722 3187 5
