2028 3531
500 287 580 324 594.
609 305 651 311 --
679 287 862 324 COLONIA
887 286 930 322 31
961 286 1196 321 DECEMBms
1226 286 1311 321 1561
1616 286 1685 322 613

97 407 210 447 ticae
252 406 410 446 classis
453 406 599 454 fuerit,
631 409 673 447 et
703 408 813 447 bene
855 406 1026 453 doctus,
1058 406 1208 444 tamen
1251 406 1307 444 ab
1337 405 1543 456 ingressu
1573 417 1655 445 suo
1686 405 1732 444 in

96 471 359 512 Societatem
389 471 579 511 libenter
607 474 649 511 et
679 472 917 524 diligenter
946 470 993 510 in
1023 469 1173 510 culina
1203 470 1407 510 seruiuit.

176 537 214 577 2.
251 537 415 577 Verum
463 537 621 576 fratres
673 549 841 583 omnes,
891 535 1101 588 quamuis
1144 535 1369 575 variarum
1417 535 1612 575 existant
1658 547 1734 575 na-

96 603 269 643 tionum
313 602 435 654 (sunt
478 602 597 642 enim
635 603 833 654 germanj
865 601 1117 654 superiores
1150 603 1190 641 et
1221 601 1454 641 inferiores
1497 613 1548 641 ac
1590 601 1732 653 gallj),

95 679 250 708 omnes
288 670 435 707 tamen
466 667 512 707 in
543 680 716 707 summa
762 680 866 719 pace
897 667 1070 715 viuunt,
1102 669 1144 706 et
1187 679 1233 707 se
1277 666 1469 706 inuicem
1514 666 1732 718 singularj

95 746 244 774 amore
273 736 315 774 et
342 733 559 773 charitate
588 735 957 785 complectuntur.
990 733 1183 773 Maximo
1212 734 1359 772 autem
1391 732 1468 783 Dej
1502 732 1732 780 beneficio,

95 799 263 851 singulj
295 801 384 839 tam
415 799 461 838 in
483 799 659 850 spiritu,
683 811 815 850 quam
848 800 893 839 in
924 799 1080 847 literis,
1113 798 1328 838 foeliciter
1371 797 1732 850 progrediuntur,

95 868 137 905 et
179 865 235 904 ad
269 864 337 915 suj
383 864 527 915 ipsius
562 864 792 904 victoriam
836 864 1126 911 contendunt,
1158 876 1208 903 ac
1247 875 1326 915 pro
1369 863 1537 914 gratiae
1580 863 1668 903 sibi
1710 875 1735 902 a

95 930 186 970 Deo
217 938 236 957 ἃ
268 929 502 981 praestitae
534 930 729 980 modulo,
762 930 969 981 gnauiter
997 930 1052 970 ad
1084 929 1399 980 profectionem
1430 929 1650 969 nituntur.
1685 929 1736 968 In

94 995 466 1036 constitutionum
488 996 817 1041 obseruatione,
837 995 883 1035 in
904 995 1000 1036 dies
1020 995 1225 1046 singulos
1246 995 1426 1046 longius
1446 995 1736 1047 progrediun-

95 1063 180 1109 tur,
204 1061 449 1113 seduloque
470 1061 516 1100 in
538 1061 594 1112 ijs
615 1063 886 1109 exercentur,
919 1063 1051 1113 atque
1080 1061 1132 1100 D.
1167 1060 1430 1101 Franciscus
1455 1060 1665 1101 Costerus
1685 1060 1737 1100 il-

94 1126 239 1166 larum
262 1126 669 1177 interpretationem
693 1126 887 1177 singulis
908 1126 1045 1166 sextis
1067 1126 1190 1178 ferijs
1210 1126 1510 1178 prosequitur.
1531 1126 1668 1166 Porro
1689 1125 1736 1166 in

94 1191 453 1238 constitutiones,
468 1191 507 1231 si
523 1191 629 1243 quid
655 1193 881 1242 peccatum
901 1191 1047 1239 fuerit,
1062 1191 1107 1231 id
1124 1191 1412 1243 poenitentijs
1428 1191 1609 1238 eluitur,
1623 1203 1736 1243 quas

94 1258 138 1296 et
168 1257 281 1297 Vltro
301 1256 387 1296 sibi
419 1256 437 1282 b
458 1256 635 1307 iniungi
666 1257 912 1307 postulant,
944 1259 987 1297 et
1017 1257 1242 1296 iniunctas
1271 1269 1447 1296 summa
1477 1256 1614 1308 animj
1647 1256 1737 1296 313-

93 1321 248 1362 critate
281 1323 575 1373 exequuntur.
601 1321 809 1361 Vniuersi
845 1324 947 1361 ante
978 1322 1143 1362 Christi
1175 1321 1395 1368 natalitia,
1419 1321 1544 1362 iuxta
1574 1321 1737 1361 consti-

94 1387 318 1427 tutionum
341 1387 544 1433 formam,
564 1387 615 1426 R.
639 1387 684 1426 P.
706 1387 936 1427 Leonardo
958 1387 1201 1438 generatim
1219 1387 1411 1427 confessi
1433 1389 1553 1435 sunt,
1572 1399 1622 1427 ac
1638 1387 1736 1438 ipso

94 1452 166 1492 die
195 1464 294 1491 cum
326 1452 494 1503 ingentj
528 1452 693 1503 gaudio
723 1464 879 1491 omnes
910 1454 1009 1491 vota
1043 1454 1330 1499 renouarunt,
1362 1454 1495 1504 atque
1525 1452 1571 1491 in
1602 1452 1658 1504 ijs
1690 1452 1738 1491 12

94 1517 288 1565 fuerunt,
320 1517 396 1568 qui
429 1519 533 1557 tunc
578 1517 769 1568 primum
815 1529 862 1557 se
906 1517 1023 1557 votis
1052 1518 1405 1558 obstrinxerunt.
1451 1517 1549 1557 Non
1582 1529 1736 1569 parum

94 1582 264 1622 fructus
295 1582 547 1634 spiritualis
577 1582 771 1622 accreuit
800 1595 853 1622 ex
883 1595 934 1622 eo
964 1582 1084 1634 quod
1114 1583 1309 1634 singulis
1330 1583 1584 1634 quibusque
1615 1594 1738 1622 111611-

94 1647 220 1688 sibus
259 1648 442 1699 aliquod
481 1648 665 1688 cuilibet
685 1648 779 1700 diuj
813 1660 975 1688 nomen
1005 1648 1163 1687 sortito
1207 1648 1442 1699 contingit,
1474 1660 1606 1700 quem
1650 1648 1737 1689 sibi

93 1725 145 1753 eo
177 1725 326 1753 mense
355 1713 478 1753 velut
508 1715 747 1765 patronum
776 1714 1013 1753 colendum
1044 1715 1224 1753 statuat.
1260 1714 1389 1753 Hunc
1413 1716 1457 1753 vt
1486 1713 1639 1764 aliqua
1669 1726 1740 1754 ve-

95 1778 326 1818 neratione
358 1779 639 1822 veldemissi
670 1779 809 1831 animj
843 1779 1170 1831 significatione
1200 1779 1506 1827 cohonestent,
1529 1781 1619 1819 tres
1639 1791 1739 1830 poe-

94 1844 307 1884 nitentias
350 1845 435 1885 sibi
481 1845 672 1897 quisque
717 1845 856 1897 eligit.
891 1845 960 1885 Ad
1004 1846 1112 1885 haec
1163 1847 1344 1885 curatur
1374 1847 1420 1884 vt
1463 1846 1621 1885 fratres
1651 1845 1738 1885 lin-

94 1922 227 1962 guam
257 1910 503 1962 superioris
533 1910 798 1951 Germaniae
829 1911 1018 1950 discant.
1052 1911 1215 1950 Verum
1237 1911 1291 1950 de
1320 1911 1486 1962 quibus
1515 1922 1618 1962 spes
1647 1922 1738 1950 non

91 1977 157 2016 est
187 1976 307 2028 quod
336 1988 434 2016 eam
464 1976 633 2016 discere
668 1976 856 2027 possint,
890 1977 947 2015 ab
977 1976 1042 2016 eis
1083 1977 1166 2016 hoc
1195 1976 1404 2027 exigitur,
1438 1978 1482 2015 vt
1512 1976 1737 2028 propriam

93 2041 337 2092 expoliant,
370 2044 412 2081 et
442 2042 667 2093 eleganter
698 2042 860 2093 gallice
890 2042 1011 2093 loqui
1049 2044 1332 2089 assuescant,
1367 2041 1413 2081 in
1443 2054 1575 2093 quem
1605 2042 1738 2082 finem

94 2107 165 2147 his
197 2107 322 2159 politi
353 2108 592 2159 scriptores
622 2108 789 2159 gallicj,
812 2108 904 2147 illis
928 2120 1029 2147 vero
1061 2108 1332 2147 venustioris
1361 2107 1466 2159 styli
1496 2107 1739 2159 germanici

93 2175 298 2213 auctores
328 2175 658 2224 comparantur.
695 2174 800 2213 Item
823 2173 982 2213 diebus
1005 2173 1194 2220 veneris,
1218 2173 1284 2212 illi
1322 2173 1616 2213 concionibus
1646 2185 1741 2225 ger-

95 2238 297 2287 manicis,
330 2239 376 2278 hi
420 2239 466 2278 in
510 2239 686 2290 gallicis
731 2242 1003 2280 exercentur.
1050 2238 1271 2289 Quoniam
1302 2241 1449 2279 autem
1495 2240 1740 2280 latinorum

93 2303 455 2344 exhortationum
487 2305 694 2356 frequens
716 2304 763 2344 in
793 2304 1010 2345 Societate
1034 2317 1139 2344 vsus
1160 2306 1240 2351 est,
1264 2305 1515 2344 sabbatinis
1544 2305 1703 2345 diebus
1724 2313 1739 2332 ὓ

94 2369 232 2409 latine
261 2369 609 2415 concionantur:
642 2370 835 2422 denique
866 2371 913 2410 in
945 2382 1094 2410 mense
1116 2370 1355 2421 Nouembrj
1381 2383 1542 2410 nouem
1572 2382 1625 2410 ex
1656 2371 1741 2411 fra-

94 2434 238 2474 tribus
268 2434 324 2474 ad
355 2435 540 2487 gradum
567 2436 931 2476 baccalaureatus
961 2436 1008 2475 in
1039 2436 1212 2475 artibus
1247 2436 1388 2476 euecti
1419 2438 1539 2483 sunt,
1564 2438 1610 2476 vt
1639 2439 1741 2488 post

94 2512 262 2540 annum
309 2501 564 2552 magisterio
607 2501 844 2541 donentur.
898 2502 948 2541 ln
993 2514 1143 2541 11161136
1174 2502 1402 2553 Decembrj
1449 2504 1537 2541 tres
1571 2514 1625 2542 ex
1654 2502 1738 2542 ira-

94 2564 238 2605 tribus
268 2565 654 2617 hypodiaconatus
697 2566 863 2606 initiati
909 2569 1015 2607 sunt
1059 2567 1222 2618 ordinj,
1254 2567 1386 2606 titulo
1434 2566 1669 2607 Societatis
1698 2569 1740 2607 et

95 2630 247 2681 gratis.
279 2631 330 2670 Et
360 2631 576 2671 hactenus
605 2631 785 2683 quidem
815 2632 869 2671 de
899 2632 1135 2679 fratribus3
1170 2644 1303 2679 nunc,
1336 2631 1432 2672 ΒΨ
1464 2633 1529 2679 Ρ.,
1553 2632 1662 2683 quid
1692 2633 1739 2672 in

95 2694 262 2735 scholis
292 2697 439 2735 actum
474 2696 548 2744 sit,
583 2696 736 2747 paucis
766 2697 930 2748 accipe.
979 2696 1263 2749 [Sequuntur
1294 2699 1450 2748 aliqua
1489 2699 1538 2737 de
1567 2699 1741 2738 studio-

95 2773 202 2800 rum
233 2762 582 2810 instauratione,
618 2776 730 2813 quae
751 2765 841 2813 fere
864 2764 921 2802 ad
942 2764 1125 2803 verbum
1155 2764 1454 2803 inveniuntur
1475 2766 1523 2803 in
1544 2764 1740 2814 epistula

94 2826 183 2865 diei
212 2829 270 2866 26
300 2828 576 2868 Novembris.
615 2829 722 2868 Vide
746 2842 791 2879 p.
826 2827 955 2880 589J.

173 2891 212 2931 3.
245 2890 447 2943 Suntque
468 2892 514 2931 in
537 2892 748 2933 omnibus
769 2893 873 2945 alijs
896 2894 1119 2934 classibus
1141 2896 1205 2934 tot
1225 2894 1467 2942 auditoreS,
1492 2896 1538 2933 vt
1567 2894 1739 2946 reliqua

154 3035 173 3054 a
193 3036 214 3059 a
238 3027 312 3060 Deo
335 3036 463 3069 supra
489 3037 588 3061 vers.
613 3047 654 3051 —
674 3028 692 3055 b
715 3029 788 3061 sibi
807 3038 935 3071 supra
961 3039 1060 3063 vers.
1079 3049 1119 3053 -
1145 3039 1159 3057 c
1185 3030 1318 3063 diebus
1341 3039 1468 3072 supra
1481 3039 1597 3067 vers„
1616 3030 1737 3064 deleto

99 3080 226 3117 verbo,
241 3081 346 3122 quod
361 3081 441 3123 legi
464 3081 613 3123 nequit.
