2028 3531
484 288 563 324 565.
590 309 636 313 -
662 288 882 324 MoNACfflo
911 287 928 322 1
957 285 1214 322 SEPTEMssms
1244 285 1329 321 1561
1614 284 1684 319 475

173 408 212 447 6.
245 407 466 447 Numerus
495 407 803 446 confitentium
833 408 875 445 et
904 404 1332 444 communicantium
1363 404 1480 453 apud
1513 415 1609 449 nos,
1643 406 1732 442 tam

96 472 143 512 in
173 473 285 512 festo
329 472 658 519 Penthecostes,
691 483 826 522 quam
866 471 911 510 in
942 467 1263 520 Assumptione
1294 468 1385 508 Rae
1416 468 1616 519 Virginis
1647 468 1733 507 Ma—

97 538 203 585 riae,
235 549 325 576 non
368 537 627 588 infrequens
671 549 749 588 pro
793 536 964 575 ratione
1007 534 1144 573 huius
1174 533 1282 573 noui
1325 533 1499 584 collegij
1543 533 1640 572 fuit.
1683 533 1735 572 Et

97 602 225 654 pauci
268 604 508 642 occurrunt
550 602 649 642 festi
680 602 775 641 dies
817 601 983 652 quibus
1013 611 1104 638 non
1149 599 1319 639 externi
1364 598 1559 649 aliquia
1604 598 1735 637 nobis

96 679 267 707 sacram
307 667 552 718 percipiant
595 667 969 707 communionem.
1002 665 1146 704 Vnum
1193 666 1259 703 est
1288 663 1407 715 quod
1455 663 1539 714 pijs
1569 663 1735 702 nostris

96 733 332 772 conatibus
361 732 645 783 potissimum
684 733 900 771 hactenus
929 731 1124 777 obsistit,
1157 729 1369 769 nimirum
1402 728 1601 779 iniquior
1629 740 1736 779 quo-

98 797 286 837 rundam
317 810 370 837 ex
412 798 529 837 clero
573 798 619 837 in
650 809 732 837 nos
761 797 940 836 animus
983 807 1035 834 ex
1066 795 1192 834 falsis
1232 794 1563 845 suspitionibus
1593 796 1635 832 et
1665 805 1736 832 ru·

97 863 310 912 moribus,
330 865 378 902 vt
406 863 552 909 credo,
576 862 812 913 profectus.
837 861 1076 912 Speramus
1098 863 1261 907 tamen,
1287 859 1478 898 Domino
1508 860 1733 909 operante,

97 939 279 979 syncere
321 939 396 968 eos
426 928 670 979 aliquando
713 927 946 967 Societatis
980 926 1246 976 procedendi
1278 925 1456 964 modum
1489 924 1736 963 intellectu-

98 1005 186 1040 ros,
218 995 260 1032 et
289 995 442 1032 nostra
471 993 630 1032 deinde
660 992 808 1032 studia
847 991 1058 1031 omnibus
1087 991 1219 1030 etiam
1253 990 1396 1029 modis
1428 991 1733 1040 prouecturos.

99 1058 173 1098 Est
216 1058 455 1109 collegium
499 1058 583 1098 hoc
625 1058 891 1097 afflictorum
935 1058 976 1095 et
1019 1056 1321 1095 desolatorum
1364 1055 1563 1094 omnium
1596 1054 1737 1094 ueluti

97 1123 272 1175 asylum
304 1123 483 1163 vnicum
526 1126 569 1163 et
599 1123 865 1175 perfugium,
898 1124 940 1161 et
981 1133 1081 1162 cum
1113 1121 1274 1161 salutis
1304 1121 1378 1160 vix
1423 1121 1514 1160 ulla
1544 1132 1646 1171 spes
1676 1131 1740 1159 re-

97 1188 218 1240 liqua
249 1200 346 1228 esse
389 1191 585 1239 putatur,
618 1189 674 1228 ad
703 1200 784 1227 nos
828 1189 1040 1238 tanquam
1072 1187 1127 1226 ad
1158 1198 1330 1225 sacram
1360 1186 1603 1225 anchoram
1634 1197 1736 1224 con-

99 1254 282 1306 fugitur.
317 1253 629 1294 Concionatori
675 1256 827 1293 nostro
858 1265 947 1292 non
979 1253 1102 1292 deest
1131 1252 1274 1303 gratia
1304 1254 1345 1291 et
1376 1252 1585 1302 frequens
1615 1250 1740 1290 audi-

98 1319 277 1359 torium.
311 1320 523 1359 Doctrina
552 1319 798 1359 christiana
818 1330 909 1358 non
941 1318 1080 1357 multo
1103 1319 1203 1368 post
1223 1316 1417 1368 Spiritus
1448 1316 1597 1356 Sancti
1629 1316 1740 1355 festa

99 1385 277 1436 publice
306 1398 330 1424 a
369 1386 501 1425 nobis
544 1385 709 1436 populo
752 1384 941 1436 proponi
985 1386 1140 1434 coepta
1182 1385 1263 1430 est,
1295 1394 1506 1422 concesso
1550 1382 1596 1421 in
1639 1393 1739 1421 eum

102 1462 230 1490 vsum
260 1451 392 1490 nobis
421 1451 476 1490 ab
520 1450 754 1490 Illustriss.
788 1449 987 1501 principe
1018 1448 1187 1499 insigni
1232 1448 1425 1499 quodam
1461 1447 1640 1497 templo,
1672 1457 1742 1486 ae-

100 1516 233 1556 dibus
276 1516 442 1556 nostris
475 1516 635 1556 vicino.
682 1515 826 1555 Habet
856 1515 964 1554 haec
994 1514 1123 1553 lectio
1167 1514 1395 1553 auditores
1435 1513 1668 1563 plurimos,
1700 1514 1741 1551 et

101 1582 208 1622 noui
238 1582 438 1634 quotidie
466 1582 696 1622 accedunt.
730 1581 925 1621 Exornat
945 1583 1093 1620 autem
1123 1592 1220 1619 eam
1242 1579 1425 1619 mirifice
1454 1580 1613 1618 cantus
1643 1589 1743 1617 sua-

101 1648 319 1688 uissimus
340 1650 518 1687 nostrae
539 1647 719 1687 scholae
748 1646 1088 1697 discipulorum,
1111 1645 1188 1696 qui
1211 1645 1296 1696 ipsi
1318 1644 1498 1684 lectioni
1520 1642 1743 1694 praemitti

100 1716 143 1753 et
172 1713 386 1765 subiungi
416 1713 543 1752 solet.
577 1712 779 1752 Litaniae
808 1712 941 1751 etiam
972 1713 1014 1751 et
1043 1723 1195 1762 preces
1225 1710 1506 1761 vespertinae
1536 1720 1744 1748 nonnun-

101 1790 236 1830 quam
279 1778 520 1825 adduntur,
555 1780 602 1818 ut
645 1777 789 1817 modis
832 1777 1043 1816 omnibus
1087 1776 1142 1815 ad
1187 1775 1399 1815 maiorem
1445 1774 1523 1814 Dei
1555 1773 1744 1825 gloriam

102 1844 385 1884 auditoribus
428 1844 538 1884 satis
567 1844 657 1884 fiat.
704 1843 845 1893 Quam
877 1855 982 1883 uero
1027 1843 1135 1882 haec
1164 1842 1228 1881 eis
1268 1841 1487 1892 placeant,
1521 1839 1649 1879 facile
1679 1839 1745 1878 in-

102 1910 273 1961 telliget
301 1910 377 1961 qui
408 1910 638 1949 assiduam
668 1911 711 1949 et
739 1910 1018 1949 constantem
1049 1908 1250 1959 ipsorum
1277 1907 1323 1946 in
1345 1907 1417 1946 his
1448 1904 1745 1957 percipiendis

102 1976 385 2016 deuotionem
430 1975 753 2015 obseruauerit.
801 1975 963 2015 Verum
1010 1986 1065 2013 ne
1108 1973 1245 2013 nimis
1274 1980 1291 1999 ²¹
1322 1972 1457 2023 longa
1495 1972 1747 2011 summatur

103 2041 262 2090 oratio,
294 2042 403 2081 haec
432 2041 485 2081 de
515 2040 773 2080 domesticis
802 2040 946 2080 obiter
979 2039 1097 2079 dicta
1127 2038 1368 2078 sufficiant.

184 2108 222 2147 7.
254 2107 383 2147 Nunc
425 2107 481 2146 ad
523 2108 706 2146 externa
735 2106 985 2153 veniamus,
1017 2116 1131 2156 quae
1175 2104 1356 2155 quidem
1401 2102 1565 2143 cursim
1602 2101 1747 2141 breui—

104 2175 256 2224 terque
299 2173 530 2223 attingam.
570 2172 623 2212 Et
652 2171 796 2223 primo
825 2171 1005 2222 quidem
1039 2181 1177 2221 pauca
1207 2169 1396 2209 dicenda
1424 2169 1664 2208 occurrunt
1693 2167 1747 2206 de

104 2238 412 2278 illustrissimo
443 2237 642 2289 principe
673 2239 842 2284 nostro,
864 2236 994 2276 cuius
1023 2235 1204 2287 quidem
1234 2234 1374 2274 animi
1404 2246 1509 2286 erga
1538 2245 1621 2273 nos
1650 2245 1748 2284 pro-

105 2303 276 2354 pensio,
308 2303 391 2343 etsi
422 2303 470 2342 T.
504 2303 556 2342 R.
590 2303 638 2342 P.
671 2304 803 2342 antea
845 2301 956 2341 satis
1000 2301 1059 2340 sit
1102 2301 1346 2352 perspecta,
1378 2311 1469 2339 non
1512 2300 1661 2338 tamen
1691 2297 1749 2337 si-

105 2368 230 2420 lentij
255 2369 352 2408 velo
381 2369 466 2408 hoc
486 2370 683 2419 tempore
703 2367 888 2407 omnino
910 2366 1202 2407 inuoluenda.
1236 2364 1577 2405 illustrissimus
1598 2363 1748 2414 itaque

105 2434 312 2485 princeps
341 2436 506 2481 noster,
539 2433 601 2473 vti
631 2433 745 2473 alias
774 2444 962 2484 semper,
995 2432 1055 2471 ita
1085 2433 1128 2471 et
1157 2431 1242 2471 hoc
1272 2429 1588 2482 quadrimestri
1628 2440 1747 2468 sum-

106 2511 223 2539 mam
253 2511 358 2551 erga
396 2511 479 2539 nos
507 2497 867 2538 beneuolentiam
889 2509 981 2537 non
1010 2497 1147 2537 semel
1177 2495 1437 2543 declamauit,
1470 2494 1749 2546 principibus

106 2564 360 2616 quibusque
382 2564 504 2612 viris,
528 2566 570 2604 et
590 2563 740 2604 uerbis
769 2563 788 2590 b
814 2565 858 2604 et
886 2563 1080 2614 scriptis,
1104 2562 1179 2602 vbi
1200 2562 1264 2602 ita
1284 2561 1416 2601 ferret
1445 2560 1634 2607 occasio,
1667 2570 1750 2598 nos

106 2630 488 2679 commendando;
521 2629 730 2681 pretiosis
760 2629 932 2680 aliquot
975 2628 1144 2668 casulis
1172 2627 1364 2679 collegio
1393 2626 1499 2666 huic
1528 2626 1646 2665 dono
1675 2624 1751 2663 da-

108 2696 182 2744 tis,
226 2696 434 2736 diuinum
477 2695 597 2746 apud
640 2707 723 2735 nos
766 2695 937 2734 cultum
980 2691 1578 2745 promouendmesculentis
1616 2690 1749 2730 etiam

108 2761 397 2809 animalibus,
420 2761 532 2801 duce
561 2762 685 2800 tanto
714 2760 880 2812 dignis,
903 2759 1095 2800 subinde
1118 2770 1201 2798 nos
1231 2757 1526 2798 honestando.
1551 2755 1750 2806 Cumque

109 2826 416 2878 superioribus
459 2825 691 2866 mensibus
720 2825 920 2877 quinque
964 2824 1159 2876 reginae,
1190 2821 1530 2863 clementissimi
1561 2821 1749 2871 impera·

109 2891 220 2931 toris
248 2891 390 2932 nostri
433 2891 566 2939 filiae,
597 2891 738 2931 animi
767 2890 911 2943 gratia
950 2890 1202 2941 Oeniponto
1232 2889 1320 2929 huc
1350 2887 1592 2932 venissent,
1624 2888 1666 2925 et
1695 2885 1752 2925 ad

193 3059 212 3079 a
232 3051 345 3084 nimis
372 3060 500 3093 supra
522 3060 643 3092 vers„
666 3051 787 3083 deleto
822 3050 905 3083 alio
938 3050 1066 3083 verbo.
1084 3068 1123 3072 ——
1148 3049 1167 3076 b
1188 3048 1314 3081 uerbis
1338 3055 1464 3089 supra
1488 3055 1591 3079 vers.
