2028 3531
280 280 350 314 <568
754 279 956 315 er'rssRAia:
985 280 1330 324 QUADRIMESTRES

234 399 275 436 et
305 397 540 437 reducendi
585 397 638 436 ad
674 397 915 448 graemium
963 397 1179 436 Ecclesiae
1221 396 1492 442 catholicae;
1525 396 1640 447 quod
1675 396 1856 436 uideant

234 473 340 502 suos
369 462 485 501 filios
516 462 706 513 publicis
748 462 999 501 actionibus
1042 464 1129 500 tam
1176 461 1395 511 praeclare
1434 460 1594 500 instrui
1626 472 1857 512 moresque

234 526 288 566 ad
320 527 427 566 haec
455 526 625 565 edoceri
658 526 1014 568 honestissimos.
1048 537 1136 564 non
1167 525 1340 575 possint
1364 536 1453 564 non
1482 537 1584 575 erga
1615 536 1696 564 nos
1725 525 1852 572 affici,

234 593 273 630 et
306 591 414 630 bene
457 591 587 630 nobis
630 591 812 641 precari,
844 593 885 629 et
929 590 1092 629 nostris
1136 590 1309 629 tandem
1354 589 1556 639 consilijs
1589 601 1639 628 ac
1674 590 1856 629 monitis

233 667 363 695 aures
393 655 675 706 benigniores
705 656 912 705 praebere
941 657 983 694 et
1012 654 1303 705 acquiescere.

312 722 350 761 3.
381 720 507 770 Quod
537 721 591 760 ad
623 722 791 760 fructus
820 722 1002 770 spectat,
1033 731 1146 770 quos
1179 718 1297 769 apud
1331 721 1503 758 exteros
1546 719 1686 758 nostri
1716 719 1858 769 profe-

235 787 352 831 runt,
384 787 488 825 sunt
518 785 583 824 illi
614 797 704 824 non
735 785 862 835 pauci
894 796 973 823 nec
1001 784 1327 824 contemnendi.
1360 784 1477 822 More
1506 783 1654 831 solito,
1684 783 1856 823 concio-

235 861 313 889 nes
343 849 388 889 in
419 850 581 900 templo
616 851 782 893 nostro,
814 861 953 900 eoque
988 849 1280 899 amplissimo,
1313 848 1654 895 continuantur;
1686 848 1859 888 audito-

236 914 349 954 rium
392 916 459 954 est
502 914 707 965 frequens
750 914 1004 960 admodum,
1036 913 1323 952 concionator
1364 913 1500 953 uerbo
1543 915 1585 952 et
1614 913 1720 952 uiua
1748 925 1857 953 uoce

236 979 474 1029 plurimum
507 979 638 1018 ualet.
672 979 755 1018 Per
797 979 915 1018 hunc
958 978 1136 1017 Domini
1180 978 1423 1017 aduentum
1461 977 1659 1029 quotidie
1689 978 1860 1028 praedi·

234 1043 424 1082 candum
456 1043 553 1089 fuit,
580 1055 660 1082 nec
689 1043 965 1093 spernendus
994 1044 1297 1093 consequutus
1317 1044 1382 1082 est
1402 1043 1594 1089 fructus3
1626 1042 1858 1083 accedente

236 1108 493 1159 praesertim
533 1108 714 1158 iubileo,
746 1108 864 1159 quod
907 1119 1110 1147 summus
1141 1107 1210 1147 X.i
1237 1107 1446 1155 vicarius,
1479 1119 1557 1158 pro
1586 1119 1665 1147 sua
1698 1107 1857 1158 pietate

235 1173 282 1212 in
312 1173 445 1212 foelix
478 1172 652 1222 concilij
685 1172 914 1212 tridentini
958 1172 1207 1223 auspicium
1253 1172 1469 1223 publicari
1515 1172 1710 1222 proxime
1740 1172 1854 1212 fecit.

236 1237 329 1277 Hac
349 1237 568 1288 siquidem
589 1237 820 1276 occasione
840 1237 926 1276 dici
949 1237 1024 1276 uix
1045 1239 1177 1288 queat
1198 1238 1392 1287 quantus
1410 1237 1600 1287 populus
1617 1238 1657 1276 et
1673 1238 1856 1286 quanta,

234 1304 406 1352 praeter
434 1302 630 1345 solitum.
662 1302 912 1349 deuotione,
945 1302 1063 1352 apud
1093 1313 1174 1341 nos
1203 1302 1433 1341 confessus
1463 1301 1536 1350 sit,
1563 1303 1603 1340 et
1633 1301 1858 1341 sanctissi-

236 1378 332 1406 mae
373 1366 667 1406 eucharistiae
710 1367 865 1406 uiuum
911 1378 1067 1417 panem
1112 1366 1365 1417 sumpserit.
1404 1366 1619 1405 quentus
1661 1366 1857 1416 copiosa,

236 1433 413 1470 nostrae
442 1431 581 1482 aliqui
611 1431 873 1481 disciplinae
902 1443 991 1470 non
1022 1431 1235 1477 subiecta,
1268 1442 1454 1482 magnae
1488 1430 1685 1470 ciuitatis
1719 1430 1857 1470 admi-

236 1495 422 1543 ratione,
449 1495 568 1546 quod
599 1495 751 1535 multis
782 1495 868 1534 iam
891 1498 1006 1535 retro
1028 1496 1159 1535 annis
1188 1496 1333 1535 simile
1356 1496 1499 1535 uisum
1525 1495 1596 1535 hic
1617 1507 1708 1534 non
1727 1497 1857 1543 esset,

235 1560 433 1600 thesauri
476 1560 587 1600 tanti
631 1560 888 1611 participem
918 1573 964 1600 se
1008 1560 1211 1600 reddidit.
1244 1561 1437 1600 Eandem
1469 1560 1621 1611 populi
1653 1561 1858 1611 pietatem

235 1625 403 1676 experti
424 1637 579 1665 sumus
608 1625 691 1664 hoc
720 1624 788 1665 X.i
816 1625 1066 1665 natiuitatis
1087 1626 1221 1672 festo;
1254 1628 1295 1665 et
1316 1628 1363 1665 ut
1384 1638 1436 1664 ex
1457 1625 1611 1665 multis
1641 1625 1858 1675 quaedam

236 1692 392 1730 notatu
421 1690 555 1741 digna
586 1690 819 1741 proferam,
853 1703 1013 1741 magna
1055 1703 1161 1730 sane
1205 1691 1456 1730 animorum
1492 1693 1743 1730 nostrorum
1773 1691 1859 1731 lae-

236 1755 334 1794 titia
370 1755 690 1805 perfundimur,
723 1767 822 1794 cum
867 1755 1085 1803 uidemus,
1118 1758 1289 1806 praeter
1318 1768 1456 1806 spem,
1488 1756 1859 1807 quamplurimos,

236 1832 349 1871 quos
378 1819 533 1859 diuina
563 1819 739 1859 bonitas
782 1819 866 1859 sibi
912 1820 1081 1859 occulte
1125 1822 1274 1871 gratos
1318 1823 1527 1867 reseruat,
1559 1820 1615 1859 ad
1656 1822 1859 1860 nostrum

237 1884 470 1935 collegium
502 1886 715 1935 tanquam
744 1884 799 1923 ad
829 1896 1062 1924 commune
1091 1887 1372 1924 oneratorum
1403 1885 1575 1936 azylum
1605 1885 1858 1936 confugere,

238 1951 286 1989 ut
315 1949 493 2000 publica
522 1949 609 1988 iam
640 1949 756 1988 fama
786 1949 945 1988 habeat
975 1949 1164 1989 afflictas
1204 1952 1386 1997 mentes,
1418 1950 1456 1989 si
1486 1961 1674 2001 usquam
1717 1950 1860 1989 consi-

237 2014 311 2065 lijs
341 2014 487 2053 iuuari
530 2013 717 2064 possint,
750 2014 866 2064 apud
912 2014 1112 2054 IasvirAs
1145 2015 1223 2061 (sic
1265 2015 1383 2053 enim
1427 2026 1509 2054 nos
1547 2014 1722 2065 uocant)
1754 2026 1862 2054 uera.

237 2078 405 2118 auxilia
435 2078 711 2125 inuenturas,
735 2078 805 2117 sin
836 2079 985 2118 minus
1014 2079 1067 2118 de
1097 2080 1239 2118 salute
1270 2080 1337 2119 uel
1372 2079 1591 2130 praesidio
1621 2080 1859 2119 adferendo

237 2145 383 2183 actum
413 2155 523 2182 esse.
556 2142 695 2192 Quam
726 2143 783 2182 ob
812 2154 1006 2190 causam,
1040 2144 1167 2183 multi
1193 2144 1489 2184 conscientiae
1519 2144 1715 2184 stimulis
1745 2156 1859 2184 com-

239 2207 406 2259 puncti,
426 2208 543 2258 apud
565 2209 741 2246 nostros
771 2210 990 2258 quaerunt
1019 2208 1219 2247 antidota
1246 2208 1535 2248 liberationis.
1569 2209 1631 2248 Ex
1651 2209 1860 2248 confiten-

237 2273 359 2312 tibus
388 2272 527 2323 aliqui
549 2273 604 2311 ab
625 2272 857 2311 haeresum
880 2272 1087 2319 tenebris,
1110 2273 1274 2323 quibus
1296 2274 1435 2313 multo
1456 2276 1650 2324 tempore
1679 2274 1858 2314 obducti

239 2338 285 2377 in
315 2337 522 2377 sordibus
552 2339 828 2387 peccatorum
859 2337 1103 2383 iacuerunt,
1128 2338 1181 2376 ad
1213 2338 1359 2377 lumen
1386 2338 1586 2377 ueritatis
1615 2338 1860 2378 catholicae

238 2404 524 2442 emerserunt.
557 2403 676 2441 Inter
704 2414 816 2453 quos
845 2402 1027 2453 quidam
1058 2415 1243 2453 magnae
1274 2404 1468 2443 familiae
1497 2404 1768 2452 adolescens,
1791 2416 1860 2444 co-

238 2468 361 2519 gnita
392 2479 466 2518 per
496 2469 749 2506 nostrorum
770 2467 996 2506 assiduam
1018 2468 1441 2508 cathechizationem
1462 2481 1593 2508 uerae
1623 2469 1723 2508 fidei
1745 2469 1856 2517 luce,

238 2532 438 2571 omnium
466 2544 663 2571 errorum
693 2531 888 2571 uinculis
916 2532 1128 2577 excussis,
1162 2533 1354 2572 maxima
1374 2535 1468 2572 tum
1498 2533 1856 2582 domesticorum,

239 2600 333 2637 tum
363 2599 612 2636 exterorum
637 2596 942 2636 aedificatione
972 2598 1014 2635 et
1042 2597 1349 2645 admiratione,
1373 2610 1424 2637 ex
1454 2598 1604 2637 animo
1633 2598 1688 2637 ad
1717 2598 1860 2638 Eccle-

239 2662 331 2701 siae
360 2661 633 2701 tutissimum
663 2662 838 2711 portum
869 2661 1093 2711 confugit3
1126 2662 1389 2712 generaliter
1432 2664 1609 2713 peccata
1642 2674 1723 2702 sua
1755 2674 1858 2702 con-

240 2726 383 2766 fessus
412 2728 492 2774 est,
523 2725 757 2776 pristinam
787 2725 925 2764 uitam
946 2725 993 2764 in
1014 2726 1172 2765 melius
1192 2727 1504 2775 commutauit;
1528 2730 1570 2766 et
1589 2739 1702 2778 quos
1731 2729 1860 2767 antea

240 2791 465 2840 peruertit,
498 2802 616 2830 nunc
658 2790 867 2829 omnibus
909 2789 1142 2829 conatibus
1186 2791 1335 2838 instat,
1369 2793 1416 2830 ut
1445 2803 1520 2831 eos
1553 2792 1608 2831 ad
1638 2791 1858 2831 saniorem

240 2857 430 2894 mentem
461 2855 654 2895 reducat.
687 2854 770 2893 Hic
799 2865 897 2893 cum
920 2854 1106 2894 antehac
1126 2855 1243 2905 apud
1273 2856 1470 2895 scholam
1491 2856 1678 2896 ciuicam
1709 2855 1858 2907 (quam

240 2920 457 2969 poeticam
501 2920 728 2969 uocamus)
772 2918 983 2958 lectiones
1026 2919 1242 2967 uisitaret,
1279 2920 1365 2959 iam
1409 2932 1455 2960 se
1498 2922 1638 2961 totum
1680 2922 1858 2960 nostrae

241 2985 418 3024 scholae
447 2987 489 3024 et
509 2983 771 3035 disciplinae
791 2983 991 3023 subiecit.
1016 2984 1165 3023 Prima
1198 2985 1505 3025 conuersionis
1538 2986 1635 3026 eius
1667 2986 1856 3034 occasio,

241 3051 290 3088 ut
319 3049 444 3088 fateri
488 3049 582 3100 ipse
611 3049 737 3097 solet,
769 3047 852 3087 fuit
894 3048 1214 3099 discipulorum
1258 3053 1511 3090 nostrorum
1542 3051 1588 3090 in
1617 3050 1754 3091 sacris
1783 3063 1859 3091 au-
