2028 3531
360 262 431 298 0288
832 263 1035 299 LITTERAE
1069 263 1412 308 QUADmMESTRES

311 380 458 426 etiam,
490 381 870 420 commendatione
915 383 1058 420 vestra
1101 381 1410 427 intercedente,
1441 393 1529 432 quo
1559 382 1613 421 ad
1658 382 1750 421 fieri
1780 384 1925 433 queat,

312 446 688 495 promouebimus,
713 445 953 496 multisque
982 446 1256 497 argumentis
1279 446 1457 496 planum
1480 446 1688 486 omnibus
1718 447 1929 486 faciemus

311 512 582 560 quantopere
615 522 691 549 vos
735 510 1006 561 virtutesque
1036 513 1215 558 vestras,
1247 512 1288 549 et
1318 510 1387 560 pia
1432 510 1579 550 studia
1622 510 1862 561 diligamus
1890 528 1927 551 ».

313 574 419 613 Cum
452 575 566 614 idem
598 574 759 614 Caesar
788 574 1000 618 audisset,
1023 576 1139 626 quod
1172 578 1317 614 tamen
1348 575 1510 614 falsum
1540 577 1646 622 erat,
1674 575 1778 615 Doc.
1802 575 1930 614 Lam-

312 639 483 678 bertum
528 639 573 678 in
604 639 760 678 itinere
803 639 926 689 grauj
975 640 1155 679 vulnere
1197 640 1403 678 affectum.
1445 639 1720 686 occubuisse,
1755 639 1808 679 de
1852 639 1929 679 illo

312 703 483 743 solicite
512 704 749 754 quaesiuit,
781 715 914 754 seque
944 716 1032 744 non
1063 704 1380 755 permissurum
1411 703 1537 750 dixit,
1571 706 1615 742 vt
1644 704 1783 743 nostri
1812 705 1930 754 post-

312 768 394 807 hac
427 768 729 819 adiungantur
749 768 943 808 dominis
965 769 1011 808 in
1046 769 1290 819 longinqua
1311 770 1352 807 et
1374 767 1540 807 incerta
1561 768 1926 819 peregrinatione.

315 833 452 872 Paulo
495 835 592 883 post
635 844 734 872 cum
782 833 1141 884 archiepiscopus
1188 833 1501 884 strigoniensis
1547 833 1664 883 apud
1700 832 1930 873 Caesarem

313 897 487 948 magnis
526 897 730 947 precibus
772 898 1068 945 contenderet,
1103 900 1146 937 vt
1176 898 1333 936 Rector
1362 897 1407 936 in
1456 897 1729 948 Hungariam
1762 897 1931 947 profici-

311 964 519 1009 sceretur,
565 962 637 1001 vix
680 962 725 1001 id
768 963 931 1002 tanden
973 963 1182 1010 obtinuit,
1231 964 1273 1001 et
1314 962 1370 1001 ad
1419 962 1550 1001 breue
1597 964 1785 1013 tempus,
1837 963 1930 1001 tum

314 1028 489 1077 propter
530 1027 747 1078 synodum
791 1028 1114 1075 celebrandam,
1146 1030 1238 1067 tum
1285 1029 1460 1077 propter
1501 1026 1736 1077 collegium
1767 1026 1931 1066 nostris

311 1091 429 1141 apud
473 1091 712 1142 Hungaros
753 1092 1028 1144 erigendum:
1072 1092 1236 1132 Omitto
1265 1092 1383 1142 quod
1428 1103 1613 1142 magnae
1647 1091 1931 1131 authoritatis

312 1155 395 1194 viri
428 1158 484 1203 vt,
516 1168 629 1208 quae
673 1157 843 1204 volunt,
874 1157 1118 1201 obtineant,
1155 1157 1201 1196 in
1244 1158 1495 1196 nostrorum
1539 1156 1657 1207 apud
1701 1155 1930 1196 Caesarem

311 1220 626 1260 intercessione
656 1233 778 1272 spem
809 1234 1014 1273 magnam
1044 1222 1276 1262 collocant.
1318 1222 1412 1260 Hoc
1440 1232 1596 1260 rursus
1624 1233 1743 1260 anno
1773 1220 1932 1261 Caesar

313 1297 399 1324 vna
426 1298 526 1325 cum
556 1286 648 1326 filio
678 1286 834 1327 Carolo
863 1287 1099 1327 archiduce
1141 1286 1413 1326 dominicum
1444 1285 1601 1325 inuisit
1629 1285 1929 1336 sepulchrum,

313 1351 431 1401 quod
461 1353 555 1390 erat
583 1351 631 1390 in
660 1354 812 1391 nostro
842 1352 1006 1402 templo
1035 1352 1119 1391 sub
1149 1351 1374 1402 paschatis
1413 1350 1545 1390 ferias
1575 1350 1804 1401 magnifice
1832 1362 1933 1389 con-

312 1417 543 1456 structum.
574 1416 666 1456 Rex
696 1416 1027 1457 Maximilianus
1056 1417 1187 1456 solita
1207 1428 1309 1466 erga
1330 1427 1412 1455 nos
1441 1415 1750 1455 beneuolentia
1779 1415 1930 1463 vtitur,

314 1482 577 1532 nostrosque
606 1493 819 1533 perquam
848 1481 1085 1521 clementer
1113 1481 1288 1531 excipit.
1318 1481 1476 1520 Rector
1503 1491 1633 1530 saepe
1661 1491 1759 1519 cum
1790 1491 1840 1519 eo
1869 1480 1931 1519 lo-

313 1548 480 1596 quutus
523 1548 603 1593 est,
635 1546 703 1597 cuj
739 1546 901 1597 petenti
931 1546 1045 1586 nihil
1075 1548 1221 1597 negat,
1252 1547 1294 1585 et
1323 1557 1512 1596 quocum
1551 1544 1644 1596 agit
1671 1544 1781 1583 satis
1809 1544 1933 1584 fami-

314 1609 496 1650 liariter.
543 1611 706 1650 Probat
735 1611 774 1650 is
816 1611 1156 1650 constitutiones
1199 1610 1431 1650 Societatis
1461 1612 1651 1656 nostrae,
1683 1611 1725 1648 et
1757 1609 1933 1649 libellos

314 1687 339 1714 a
367 1676 532 1715 nostris
574 1676 748 1715 oblatos
795 1676 982 1715 libenter
1023 1675 1195 1726 accipit.
1242 1675 1361 1714 Haec
1389 1674 1442 1714 de
1485 1685 1584 1725 rege
1613 1673 1699 1713 isto
1732 1674 1932 1714 idcircoa

313 1751 404 1779 non
446 1740 578 1780 inuiti
623 1740 875 1788 scribimus,
908 1742 954 1779 vt
995 1739 1283 1779 ostendamus
1322 1741 1482 1778 temere
1515 1739 1730 1789 quosdam
1760 1738 1933 1778 effutire

314 1805 436 1853 talia,
467 1817 581 1857 quae
610 1805 716 1845 boni
746 1805 955 1856 princicis
984 1805 1120 1844 huius
1149 1805 1311 1844 famam
1350 1804 1634 1852 labefactant,
1665 1805 1707 1843 et
1737 1803 1837 1854 plus
1865 1815 1932 1843 ae-

310 1881 401 1920 quo
443 1872 692 1920 suspectam
723 1869 912 1909 reddunt
945 1868 991 1916 b,
1024 1869 1076 1908 de
1106 1881 1194 1920 quo
1224 1868 1337 1908 illud
1365 1868 1497 1907 etiam
1531 1868 1751 1907 affirmare
1780 1879 1933 1918 possu-

315 1946 428 1982 mus,
459 1935 578 1986 quod
622 1935 938 1974 monachorum
968 1936 1010 1974 et
1052 1934 1242 1973 aliorum
1284 1933 1618 1979 catholicorum,
1650 1933 1726 1972 sed
1763 1935 1805 1972 et
1833 1944 1933 1972 con-

313 2000 401 2051 cilij
434 2000 654 2051 generalis
681 2011 861 2040 causam
890 2001 1068 2039 strenue
1098 2001 1355 2049 promoueat
1384 2000 1411 2037 ¹.
1445 1998 1613 2049 Regina
1642 1998 1795 2045 Maria,
1818 1997 1934 2048 regis

304 2077 437 2112 vxor,
469 2065 601 2104 solita
644 2067 821 2104 nostros
863 2064 1076 2104 charitate
1106 2063 1312 2115 prosequi
1342 2075 1433 2103 non
1470 2065 1626 2111 cessat,
1658 2063 1705 2102 in
1732 2062 1933 2102 ornando

314 2132 466 2169 nostro
495 2130 660 2180 templo
703 2129 773 2180 pie
802 2129 990 2176 solicita,
1021 2141 1134 2180 quae
1178 2140 1296 2168 nunc
1339 2132 1510 2179 praeter
1550 2130 1721 2167 caetera
1749 2126 1934 2166 donauit

314 2194 585 2245 praetiosum
614 2196 656 2234 et
686 2194 862 2245 insigne
892 2193 1089 2233 velamen
1121 2193 1177 2232 ad
1215 2193 1537 2244 contegendum
1568 2191 1837 2232 sanctissimi
1867 2203 1933 2230 sa-

314 2258 528 2298 cramenti
576 2258 928 2298 tabernaculum.
969 2257 1137 2297 Deinde
1184 2257 1417 2308 quaedam,
1467 2258 1512 2296 vt
1559 2258 1732 2304 vocant,
1772 2255 1934 2306 tapetia

315 2323 677 2374 splendidissima
719 2323 774 2363 ad
817 2322 1022 2362 diuinum
1065 2322 1234 2362 cultum
1278 2321 1594 2361 illustrandum
1650 2320 1929 2371 largitatest.

315 2388 411 2428 Tali
441 2388 641 2439 exemplo
671 2387 857 2439 permoti
879 2387 1051 2427 nobiles
1081 2387 1261 2438 quidam
1292 2386 1345 2426 de
1371 2386 1571 2425 ornando
1600 2387 1751 2425 nostro
1780 2385 1930 2431 choro,

314 2453 498 2503 eiusque
540 2452 736 2499 sedibus,
787 2451 1040 2503 pauimento
1083 2453 1215 2501 atque
1261 2450 1390 2490 altari
1451 2461 1639 2497 summo,
1696 2449 1932 2489 consilium

314 2517 524 2557 inierunt.
557 2518 724 2557 Verum·
750 2518 857 2557 haec
886 2516 996 2556 satis
1024 2518 1066 2556 et
1095 2516 1196 2566 plus
1225 2515 1334 2555 satis
1363 2516 1548 2555 fortasse
1577 2527 1656 2566 pro
1676 2514 1877 2566 epistola.

375 2718 394 2762 ἐι
426 2735 563 2767 idcirco
597 2735 701 2767 deest
722 2734 768 2766 in
790 2734 836 2767 A.
860 2753 900 2757 —
923 2733 942 2760 b
971 2742 1032 2766 vv.
1057 2734 1093 2766 et
1116 2733 1199 2774 plus
1222 2751 1261 2756 -
1284 2732 1608 2765 redduntdeszmt
1629 2732 1674 2764 in
1696 2714 1748 2765 A,

377 2931 388 2948 ¹
411 2929 510 2962 Haec
542 2928 616 2962 fere
649 2938 759 2962 sensa
792 2938 857 2970 per
878 2928 914 2961 id
938 2928 1083 2969 tempus
1107 2927 1397 2960 Maximillianus
1420 2927 1607 2960 Stanislao
1632 2926 1758 2966 Hosio,
1796 2926 1930 2967 legato,

314 2983 351 3014 et
373 2982 459 3014 aliis
480 2981 710 3015 ostendebat.
734 2981 786 3014 Cf.
811 2981 937 3014 S'rssmz
961 2980 1358 3013 Nuntiaturberichte
1390 2989 1467 3012 aus
1491 2979 1763 3012 ‘Deutschland
1784 2978 1933 3020 (Zweite

315 3035 572 3076 Abtheilung),
598 3035 625 3074 Ι,
650 3035 797 3074 168-169,
821 3035 893 3074 209,
917 3034 989 3066 218.
