2028 3531
507 267 629 302 INDEX
658 277 943 307 PERSONARUM.
971 278 1108 303 RERUM
1139 278 1187 303 AC
1214 277 1403 303 LOCORUM

190 395 304 425 uxor,
331 395 366 419 v.
395 384 534 424 Anna:
563 388 700 427 mater,
729 397 764 421 v.
796 385 921 421 Maria

188 443 345 480 lacoba.

141 503 438 544 Bavilafuente,
465 502 544 537 427.

140 563 264 609 Baya,
289 562 370 597 566.

140 623 287 669 Bayas,
314 621 394 657 528.

141 680 410 727 Beauregard,
436 679 517 715 517.

138 739 368 779 Beccatelli,
398 738 642 777 Ludovicus.
662 740 782 785 episc.
802 750 921 785 ragu-

187 800 316 842 sinus,
341 798 421 834 328.

140 859 311 901 Bedula‚
338 857 690 899 Bartholomaeus
711 858 748 893 S.
772 857 811 896 l..
840 857 915 893 159.

140 919 250 962 Beia,
285 918 451 964 quidam
477 918 614 953 socius
641 917 738 952 illuc
761 918 920 953 contio-

186 982 360 1015 naturus
386 977 573 1019 mittitur,
601 976 682 1011 233.

140 1039 271 1086 Bejar‚
308 1037 473 1074 ducissa
510 1036 572 1080 de,
610 1047 646 1071 v.
686 1035 842 1081 Zi'u'iiga
884 1039 922 1071 et

187 1097 380 1140 Guzman,
407 1095 567 1132 Teresa.

140 1157 330 1198 Beliarte,
356 1154 583 1197 Marcellus,
608 1153 645 1190 S.
665 1153 706 1195 l.‚
733 1156 828 1189 vota
855 1163 923 1189 vo-

187 1220 265 1259 vet,
290 1215 348 1252 28.

140 1276 362 1322 Bellacqua
378 1272 637 1322 (Billacqua),
657 1271 819 1314 Paulus,
841 1270 922 1313 S.I.,

190 1336 269 1378 129,
293 1335 375 1379 239,
400 1334 482 1370 244.

141 1394 404 1437 Bellarmino,
432 1392 647 1434 Robertus,
671 1390 707 1427 S.
725 1390 765 1432 L,
792 1401 826 1426 v.
846 1389 925 1425 Ro-

188 1455 326 1491 bertus
353 1453 613 1494 Bellarmino‚
647 1450 684 1487 S.

140 1514 346 1557 Bellimar,
373 1524 407 1549 V.
434 1511 634 1548 Villimar.

140 1574 340 1616 Bellonio,
368 1572 524 1614 Petrus,
552 1570 590 1607 S.
617 1569 658 1613 I.,
686 1569 764 1605 149.

140 1633 365 1675 Belmonte,
394 1631 480 1675 1293
520 1629 805 1675 ludimagIster
840 1628 925 1663 lau-

187 1693 319 1735 datur,
337 1692 422 1737 1303
441 1691 699 1727 alumnorum
720 1697 923 1730 numerus,

190 1752 275 1796 1313
302 1761 446 1793 mores,
464 1748 643 1792 319-3203
671 1750 763 1784 acta
782 1747 824 1782 in
843 1749 926 1782 stu-

187 1812 348 1848 diorum
362 1809 677 1849 instauratione,
697 1807 786 1849 7643
805 1815 924 1842 casus

187 1870 464 1907 conscientiae
478 1868 638 1905 clericis
652 1867 926 1913 exponuntur,

186 1930 273 1974 319;
299 1930 487 1966 doctrina
501 1927 730 1964 christiana
744 1925 923 1966 docetur,

187 1990 276 2033 319;
304 2000 422 2036 paces
450 1989 565 2030 fiunt,
586 1986 762 2029 130-131;
790 1994 925 2020 accur—

187 2061 258 2086 sus
284 2049 334 2085 ad
353 2049 627 2085 sacramenta:
654 2042 925 2085 fructus,318-

187 2109 274 2152 319;
303 2109 423 2144 aedes
450 2106 710 2154 ampliantur,
740 2104 826 2142 320:
853 2113 924 2138 ex-

188 2179 331 2205 cursus
350 2168 400 2204 ad
420 2167 625 2208 viciniam,
644 2164 732 2207 3193
756 2161 924 2199 admissi

189 2229 231 2264 in
260 2228 518 2268 Societatem,
545 2225 631 2269 7633
658 2226 790 2260 rector
824 2221 926 2262 coll„

188 2299 222 2324 v.
251 2287 471 2329 Sevillano.
501 2285 655 2321 Petrus.

140 2347 319 2389 Belicam,
347 2346 599 2394 Dominicus,
626 2342 779 2379 nobilis
792 2341 924 2387 sculp-

187 2410 262 2450 tor,
291 2406 536 2442 Societatem
564 2403 805 2450 ingreditur,
838 2400 924 2436 230-

186 2467 276 2510 232
317 2466 457 2512 aliqua
496 2464 597 2500 artis
635 2472 759 2509 opera
797 2460 848 2496 ab
879 2470 925 2495 eo

188 2527 306 2569 facta,
333 2526 413 2561 231.

143 2605 184 2610 -
212 2586 398 2627 Michael,
427 2584 464 2621 S.
484 2584 524 2626 L,
556 2594 576 2619 e
609 2582 751 2618 Sicilia
782 2581 823 2615 in
864 2579 927 2614 In-

188 2646 296 2682 diam
324 2645 468 2686 tendit,
505 2643 590 2687 199;
627 2641 801 2677 Eboram
839 2649 924 2685 per-

187 2705 302 2742 venit
316 2708 356 2741 et
371 2703 623 2750 Olisiponem
639 2700 829 2740 mittitur,
842 2698 923 2734 403.

140 2765 433 2806 Beneventum,
459 2761 677 2808 collegium
707 2758 925 2795 Societatis

189 2825 303 2872 petit,
331 2824 410 2860 734.

140 2883 317 2926 Benitez,
346 2883 554 2925 Alfonsus,
589 2880 834 2916 Societatem
861 2877 923 2911 in-

189 2944 382 2991 greditur,
413 2942 494 2978 631.

141 3003 331 3050 Berghes,
360 3001 542 3038 marchio
569 3000 629 3042 de,
655 2999 713 3034 49.

141 3083 184 3088 —
211 3062 416 3098 Robertus
459 3060 519 3103 de,
569 3059 692 3105 episc.
745 3055 925 3092 leodien-

1652 265 1723 300 805

1042 386 1108 425 sis,
1168 384 1445 421 fundationem
1506 383 1770 429 collegiorum

1042 444 1314 480 bruxellensis
1348 447 1385 479 et
1427 443 1645 479 leodiensis
1684 452 1774 488 pro-

1045 507 1190 545 movet,
1216 503 1273 539 49.

994 562 1218 603 Berkelius,
1258 562 1442 603 Ioannes,
1482 562 1519 598 S.
1548 560 1587 599 l..
1615 560 1773 596 Roman

1044 622 1232 663 mittitur,
1258 622 1314 657 49.

996 680 1139 719 Berno.
1174 680 1426 719 Franciscus,
1455 680 1491 715 S.
1522 678 1560 720 1..
1588 678 1674 721 7603
1703 677 1774 713 So-

1043 740 1228 775 cietatem
1258 739 1496 786 ingreditur.
1525 738 1604 774 752.

995 798 1179 840 Bertran,
1208 810 1242 834 v.
1270 798 1449 834 Beltran.

994 857 1243 899 Bethlehem,
1281 858 1420 904 ecloga
1451 857 1499 893 de
1540 855 1774 903 pastoribus

1043 917 1347 953 bethlehemitis
1383 918 1421 952 in
1462 916 1650 964 pragensi
1690 914 1772 950 col-

1044 976 1149 1022 legio
1177 976 1404 1018 exhibetur,
1429 976 1487 1012 63.

998 1035 1187 1077 Beuther,
1215 1035 1359 1072 Petrus
1386 1035 1495 1075 Luis.
1523 1035 1560 1071 S.
1588 1034 1628 1077 I.,
1653 1034 1711 1070 28.

998 1094 1112 1136 Beza,
1138 1094 1389 1136 Theodorus,
1417 1094 1471 1130 12.

998 1153 1139 1193 Biano.
1159 1153 1345 1196 Ioannes,
1373 1154 1411 1190 S.
1438 1153 1479 1196 I.‚
1504 1153 1584 1190 458.

994 1212 1225 1255 Billomum,
1276 1213 1367 1249 coll.
1433 1216 1579 1255 status,
1642 1211 1775 1256 71-723

1044 1271 1301 1308 alumnorum
1339 1283 1532 1308 numerus
1559 1275 1598 1307 et
1632 1280 1776 1313 mores,

1043 1330 1132 1375 523;
1159 1331 1345 1377 publicae
1372 1332 1689 1368 exercitationes
1711 1330 1776 1366 lit-

1046 1390 1230 1431 terariae,
1257 1390 1320 1433 72;
1347 1391 1557 1427 comoedia
1574 1391 1623 1427 de
1649 1391 1778 1426 homi-

1045 1459 1093 1484 ne
1136 1449 1306 1485 occultis
1352 1450 1516 1486 insidiis
1565 1450 1777 1486 daemonis

1044 1508 1182 1547 illuso.
1224 1512 1263 1544 et
1305 1510 1353 1545 de
1397 1508 1566 1545 Messiae
1614 1509 1776 1545 venturi

1042 1567 1252 1614 promissis
1273 1568 1419 1615 agitur,
1447 1568 1509 1612 72;
1550 1568 1776 1604 liberalitas

1047 1626 1234 1662 Gulielmi
1281 1628 1334 1663 du
1378 1627 1474 1664 Prat
1515 1629 1557 1663 in
1601 1630 1777 1671 nostros,

1047 1686 1243 1722 invidiam
1283 1687 1366 1723 illis
1404 1690 1525 1729 creat,
1563 1687 1631 1723 517
1670 1697 1777 1734 sqq.;

1046 1745 1243 1781 billiomei
1287 1746 1396 1782 cives
1430 1757 1453 1782 a
1488 1747 1641 1782 nostris
1679 1745 1776 1782 aba·

1046 1804 1201 1846 lienati,
1230 1805 1411 1841 mitiores
1430 1806 1545 1847 fiunt,
1565 1808 1687 1852 atque
1705 1805 1779 1841 ite-

1048 1874 1135 1899 rum
1174 1864 1306 1906 amici,
1330 1864 1411 1907 487,
1437 1864 1508 1900 518
1532 1875 1636 1911 sqq.;
1675 1864 1777 1900 socii

1046 1922 1095 1958 ab
1122 1923 1340 1960 haereticis
1378 1923 1513 1960 verbis
1539 1927 1578 1960 et
1613 1924 1779 1970 scriptis

1046 1982 1310 2028 impetuntur,
1348 1983 1419 2019 sed
1446 1983 1660 2026 ineassum,
1688 1983 1778 2027 5243

1047 2042 1244 2077 moniales
1288 2042 1327 2077 in
1371 2042 1520 2089 spiritu
1571 2043 1779 2085 iuvantur,

1046 2101 1134 2145 5233
1161 2101 1250 2137 coll.
1278 2104 1434 2144 rect.,v.
1466 2101 1613 2143 Roilet,
1633 2101 1780 2138 Guido.

1001 2160 1237 2207 Bisignano,
1284 2162 1471 2207 prInceps
1512 2161 1572 2203 de,
1615 2161 1776 2207 collegii

1049 2220 1187 2256 nolani
1214 2220 1379 2261 fautrix,
1405 2220 1485 2256 699.

1000 2279 1181 2325 Bisoglio
1208 2279 1456 2326 (Bisciolus),
1496 2280 1645 2323 Lelius,
1672 2280 1709 2316 S.
1737 2279 1780 2321 1.,

1046 2340 1088 2374 in
1142 2339 1317 2374 univers.
1378 2339 1571 2385 perusina
1629 2338 1777 2374 librum

1045 2398 1093 2434 de
1121 2398 1287 2434 Somnio
1328 2397 1533 2444 Scipionis
1569 2398 1778 2445 praelegit,

1047 2458 1127 2494 593.

1001 2518 1167 2559 Bivona,
1195 2517 1284 2553 coll.
1303 2520 1448 2559 status,
1478 2518 1564 2557 148:
1592 2518 1778 2553 doctrina

1047 2577 1271 2613 christiana
1290 2577 1468 2614 docetur.
1491 2577 1575 2619 147;
1598 2587 1779 2612 carceres

1046 2637 1292 2675 invisuntur.
1322 2636 1409 2681 1473
1436 2637 1695 2682 eleemosyna
1714 2647 1779 2672 oc-

1045 2696 1165 2731 cultis
1193 2695 1440 2742 pauperibus
1467 2699 1505 2731 et
1528 2706 1686 2731 carcere
1713 2695 1780 2731 de-

1049 2755 1171 2790 tentis
1210 2755 1455 2790 adiuvandis
1491 2758 1728 2801 corrogatur
1755 2765 1778 2790 a

1046 2815 1208 2853 nostris.
1242 2814 1326 2853 147:
1354 2814 1500 2850 festum
1531 2814 1604 2849 Sti.
1632 2813 1778 2850 Sebas-

1046 2875 1159 2912 tiani.
1180 2874 1262 2915 1⁷1&
1289 2873 1380 2909 coll.
1403 2876 1507 2916 rect„
1528 2884 1563 2909 v.
1584 2873 1778 2917 Venusto,

1049 2935 1199 2969 Petrus.

997 3015 1037 3019 —
1066 2994 1147 3029 dux
1187 2993 1247 3035 de,
1287 3003 1321 3028 v.
1362 2992 1488 3031 Luna.
1534 2993 1676 3028 Petrus
1717 2992 1782 3028 de.

1001 3053 1165 3090 Blanca.
1194 3051 1348 3093 Petrus,
1377 3051 1413 3087 S.
1443 3051 1481 3089 Ι..
1509 3051 1588 3088 734.
