2028 3531
322 262 392 298 338
792 266 995 302 Lim-mma
1029 266 1374 311 QUADRIMESTRES

327 381 366 421 8.
400 381 542 421 Homo
569 382 748 433 quidam
780 383 893 423 inter
920 386 1129 431 coeteros,
1157 384 1233 435 qui
1264 395 1339 434 per
1368 383 1550 434 longum
1579 385 1768 434 tempus,
1790 396 1892 425 con·

274 445 437 485 cubina
475 446 593 486 domi
637 450 818 489 retenta.
863 449 1054 498 singulis
1097 449 1227 488 annis
1272 449 1446 499 peccata
1487 448 1794 491 confitebatur.
1835 450 1890 489 ad

274 510 495 561 quendam
537 523 589 550 ex
633 512 796 551 nostris
838 513 1140 552 sacerdotibus
1170 513 1222 551 ad
1268 512 1350 551 hoc
1379 511 1522 562 ipsum
1554 513 1779 561 accedens,
1812 514 1889 553 Dei

274 574 417 625 gratia
447 575 608 615 malum
641 576 755 615 vitae
797 579 961 616 statum
993 577 1037 616 in
1069 578 1232 616 bouum
1273 576 1489 621 mutauit;
1521 578 1741 616 contraxit
1769 578 1886 618 enim

273 650 373 678 cum
405 640 586 679 muliere
617 641 962 681 matrimonium.
997 642 1046 681 Et
1077 642 1182 681 haec
1211 641 1376 680 dixisse
1405 652 1457 680 ex
1487 641 1557 680 his
1586 642 1792 689 sufficiat,
1835 654 1892 683 ne

274 704 375 754 plus
403 704 456 742 ad
491 705 773 754 particularia
801 706 1083 755 descendens,
1115 709 1287 756 tempus
1316 707 1468 744 teram.

352 769 389 807 9.
424 768 484 807 Ea
512 769 629 819 apud
660 770 870 820 populum
894 770 946 809 de
977 770 1140 809 nostris
1169 770 1320 820 opinio
1349 771 1429 817 est,
1456 772 1499 809 vt
1528 770 1655 810 multi
1685 771 1817 811 etiam
1837 783 1890 812 ex

274 832 482 882 primaria
525 835 652 882 gente
694 834 989 874 conscientiae
1031 846 1160 873 casus
1190 834 1243 873 ad
1276 834 1426 873 Patres
1462 834 1659 874 deferant
1687 835 1890 876 deciden-

272 896 367 942 dos,
401 908 477 935 nec
507 908 559 936 ex
602 897 684 937 hac
726 898 870 937 solum
913 898 1107 944 ciuitate,
1141 898 1215 937 sed
1259 910 1311 937 ex
1341 898 1442 949 alijs
1486 898 1618 938 etiam
1662 899 1799 939 locis:
1833 900 1890 951 ijs

272 963 434 1003 autem,
460 963 501 1000 vt
534 962 789 1012 plurimum,
813 963 940 1002 Pater
970 963 1126 1002 Rector
1155 963 1407 1002 satisfacere
1436 963 1561 1002 solet.
1587 963 1646 1002 Ex
1668 963 1740 1003 his
1760 971 1793 1012 ἃ,
1811 965 1888 1015 qui

273 1025 523 1075 frequenter
555 1026 758 1066 Patribus
787 1027 985 1066 confiteri
1015 1028 1173 1073 solent,
1207 1030 1408 1078 (quorum
1441 1027 1609 1066 multus
1642 1030 1707 1067 est
1738 1039 1890 1068 nume-

273 1087 380 1138 rus),
405 1102 493 1129 non
524 1091 650 1141 pauci
681 1091 728 1130 in
758 1092 997 1131 meditandi
1029 1092 1235 1131 exercitio
1266 1091 1470 1131 instructi
1500 1094 1619 1136 sunt,
1642 1094 1684 1132 et
1713 1093 1776 1132 sic
1799 1104 1891 1143 per-

272 1157 525 1194 seuerantes
555 1156 742 1195 multum
774 1156 818 1195 in
848 1156 1007 1206 spiritu
1052 1156 1286 1207 profecisse
1317 1156 1535 1196 videntur.
1574 1156 1890 1208 Frequentissi-

272 1230 372 1258 mus
413 1221 559 1258 autem
602 1232 752 1259 eorum
784 1232 995 1260 numerus
1037 1223 1117 1267 est,
1148 1221 1224 1271 qui
1256 1220 1300 1259 in
1346 1220 1469 1260 festis
1497 1221 1604 1260 anni
1641 1222 1891 1273 praecipuis

272 1283 326 1321 ad
355 1284 653 1323 confitendum
675 1287 716 1323 et
744 1297 913 1324 sacram
943 1286 1205 1325 sumendum
1236 1285 1425 1324 sinaxim
1448 1285 1504 1325 ad
1532 1286 1761 1325 ecclesiam
1791 1298 1891 1326 nos—

272 1349 382 1386 tram
426 1348 624 1391 veniunt.
658 1350 855 1399 festaque
898 1350 993 1399 ipsa
1037 1362 1112 1400 per
1140 1350 1311 1401 aliquot
1353 1350 1486 1389 etiam
1516 1350 1610 1390 dies
1641 1362 1728 1389 non
1761 1351 1888 1401 pauci

273 1412 623 1462 praeuenientes,
654 1414 937 1465 confessarijs
967 1415 1060 1453 suis
1098 1415 1329 1465 negocium
1362 1415 1597 1456 facessunt.

353 1477 413 1515 10.
448 1477 501 1516 Vt
523 1480 669 1517 autem
690 1478 744 1517 ad
766 1490 835 1517 res
866 1479 952 1518 iam
981 1479 1245 1518 domesticas
1277 1491 1343 1519 me
1372 1482 1642 1527 conuertam,
1675 1481 1728 1519 de
1759 1481 1891 1520 nobis

271 1541 430 1580 habeat
453 1541 549 1582 uda
565 1542 613 1582 T.
634 1543 680 1583 P.
697 1544 831 1594 quod,
854 1544 929 1595 qui
951 1544 1005 1583 ad
1028 1556 1235 1595 praesens
1255 1545 1337 1584 hoc
1358 1545 1612 1584 habitamus
1633 1545 1887 1597 collegium,

271 1617 503 1653 numerum
547 1607 831 1647 tredecimum
875 1608 1164 1659 attingimus:
1210 1621 1232 1648 e
1275 1609 1439 1660 quibus
1483 1610 1634 1649 Patres
1677 1610 1886 1650 nimirum

270 1672 435 1720 septem
465 1674 597 1717 sunt;
631 1672 785 1711 fratres
815 1684 917 1719 sex;
950 1676 992 1712 et
1020 1685 1072 1712 ex
1102 1673 1172 1712 his
1200 1674 1425 1713 scholares
1455 1674 1558 1721 duo,
1591 1676 1630 1714 et
1674 1676 1888 1725 tempora-

270 1735 334 1774 les
362 1736 640 1786 coadjutores
669 1739 872 1787 quatuor.
905 1737 1119 1777 Nonnulli
1149 1750 1247 1778 cum
1280 1739 1327 1778 P.
1361 1739 1543 1779 Rectore
1573 1739 1618 1778 in
1647 1740 1889 1791 quadrage-

270 1799 383 1838 sima
412 1802 453 1838 et
483 1802 579 1850 post
610 1801 719 1839 festa
748 1802 1082 1841 resurrectionis
1112 1803 1288 1841 Domini
1319 1803 1507 1842 aduersa
1536 1803 1797 1843 laborarunt
1818 1816 1889 1843 va-

270 1863 481 1911 letudine,
513 1865 588 1904 sed
619 1865 707 1904 iam
736 1878 888 1904 omnes
910 1866 987 1905 Dei
1017 1867 1157 1917 gratia
1188 1868 1297 1906 bene
1328 1868 1490 1915 valent,
1513 1870 1553 1907 et
1584 1869 1889 1919 vnusquisque

270 1928 518 1979 injunctum
564 1930 649 1969 sibi
680 1942 705 1969 a
734 1933 886 1970 sancta
928 1932 1179 1971 obedientia
1208 1944 1372 1972 munus
1405 1933 1593 1972 libenter
1621 1933 1884 1984 exequitur:

269 1995 400 2043 atque
428 2005 582 2033 omnes
611 2007 663 2033 ex
692 1995 841 2034 animo
870 1997 1049 2035 student
1079 1997 1330 2047 regularum
1368 1998 1691 2043 observantiae,
1735 1999 1888 2038 volun-

269 2059 408 2096 tatum
439 2059 784 2107 mortificationi,
816 2061 1119 2112 virtutumque
1149 2062 1390 2112 profectui:
1435 2074 1525 2102 non
1554 2063 1698 2103 solum
1737 2065 1885 2103 autem

268 2133 419 2161 earum
448 2124 792 2168 conseruationi,
824 2137 936 2176 quas
964 2126 1110 2177 adepti
1141 2130 1259 2167 sunt.
1293 2127 1379 2166 Nec
1409 2128 1454 2167 in
1481 2128 1564 2167 hoc
1582 2128 1704 2167 deest
1733 2140 1885 2168 eorum

268 2188 310 2225 et
339 2198 428 2225 non
459 2187 629 2226 modica
671 2189 917 2239 diligentia,
949 2190 1113 2241 quibus
1143 2191 1225 2230 hoc
1257 2203 1418 2231 munus
1458 2192 1689 2242 praecipue
1719 2192 1888 2232 incum-

268 2250 347 2290 bit.
378 2263 466 2301 quo
496 2252 557 2298 fit,
582 2254 627 2291 vt
655 2265 809 2292 ornnes
838 2265 919 2293 nos
948 2257 990 2293 et
1020 2255 1250 2295 vnanimes
1279 2256 1434 2303 simus,
1461 2259 1504 2296 et
1532 2257 1767 2296 dilectione
1796 2268 1887 2296 non

269 2315 441 2364 vulgari
485 2316 822 2368 conjungamur.
867 2319 1011 2370 Atque
1041 2320 1154 2359 vltra
1183 2321 1328 2368 solita,
1360 2324 1403 2360 et
1432 2321 1607 2372 priuata
1635 2324 1677 2361 et
1706 2322 1883 2372 publica

267 2380 450 2427 auxilia,
484 2393 571 2420 non
602 2393 754 2432 parum
787 2382 804 2408 ¹>
838 2384 1069 2423 conferunt
1098 2387 1251 2425 mutua
1280 2386 1516 2438 colloquia,
1539 2399 1652 2438 quae
1681 2388 1733 2426 de
1754 2388 1887 2427 rebus

269 2444 581 2494 spiritualibus
611 2449 743 2486 noctu
773 2450 966 2499 tempore
995 2449 1157 2500 quietis
1186 2451 1316 2490 certis
1353 2451 1619 2502 quibusdam
1650 2452 1808 2492 diebus
1836 2452 1883 2492 in

267 2509 513 2559 septimana
542 2511 695 2550 haberi
725 2512 895 2559 solent;
929 2525 1070 2564 neque
1091 2514 1222 2553 etiam
1254 2516 1472 2555 modicum
1504 2518 1727 2567 praestare
1755 2517 1885 2557 credo

266 2573 502 2613 conciones
543 2587 656 2625 quae
698 2576 873 2616 festiuis
915 2577 1072 2617 diebus
1104 2579 1149 2617 in
1191 2580 1408 2620 retictorio
1451 2581 1578 2629 fiunt,
1609 2593 1708 2621 cum
1752 2582 1886 2622 solito

267 2649 469 2677 sermone
498 2641 645 2678 sextae
675 2640 808 2679 feriae
842 2641 895 2680 de
927 2641 1178 2682 virtutibus.

348 2703 409 2741 11.
442 2702 659 2743 Omnibus
693 2705 898 2754 profestis
922 2705 1079 2746 diebus
1099 2719 1124 2746 a
1145 2709 1330 2758 prandio
1360 2710 1512 2750 Patres
1545 2722 1643 2751 cum
1674 2710 1885 2750 fratribus

265 2767 544 2807 scholasticis
573 2769 626 2808 de
668 2769 963 2809 conscientiae
1005 2772 1182 2811 casibus
1212 2773 1326 2813 inter
1367 2786 1414 2814 se
1451 2775 1697 2823 conferunt,
1729 2787 1887 2826 propo-

266 2833 397 2870 nente
426 2844 513 2871 vno
542 2844 595 2872 ex
636 2833 843 2873 Patribus
872 2835 1174 2885 quaestionem
1205 2849 1286 2877 sua
1318 2839 1610 2887 hebdomada,
1641 2840 1882 2891 eodemque

264 2895 506 2944 decidente,
540 2899 771 2948 postquam
801 2910 927 2937 suam
953 2900 1257 2952 vnusquisque
1286 2903 1551 2943 sententiam
1580 2904 1719 2951 dixit;
1752 2906 1886 2955 atque

324 3031 345 3052 a
364 3024 488 3056 Prius
511 3025 571 3058 iis.
595 3043 635 3047 —
657 3025 676 3052 b
695 3027 833 3066 parunt
855 3036 926 3058 ms.
