2028 3531
567 277 648 313 603.
677 299 718 303 —
747 278 968 315 MoNAcmo
998 279 1012 314 1
1043 279 1237 316 IANUARH
1266 279 1356 315 1562
1666 282 1736 317 (569

146 395 324 435 diendis
352 396 408 434 ab
437 407 489 434 eo
518 397 757 437 obseruata
799 398 938 449 pietas
967 400 1009 437 et
1042 399 1238 446 deuotio,
1270 411 1358 449 qua
1388 410 1434 438 re
1465 399 1525 438 ita
1556 402 1783 450 permotus

145 463 228 509 est,
259 465 306 503 ut
336 463 648 515 conquiescere
679 463 946 514 nequiuerit,
979 467 1118 506 donec
1162 464 1512 504 familiaritatem
1548 465 1783 504 nobiscum

147 528 449 576 contraheret;
481 530 523 568 et
553 540 635 568 sua
666 529 899 569 nobiscum
929 532 1046 571 circa
1075 531 1176 571 fidei
1207 530 1421 570 articulos
1445 530 1582 569 dubia
1612 530 1784 569 eonfer-

147 595 227 640 ret,
258 595 391 644 atque
421 593 467 632 in
498 594 632 633 rebus
652 594 927 635 orthodoxae
950 597 1050 636 fidei
1074 597 1208 647 probe
1230 595 1317 634 iam
1344 595 1594 641 institutus,
1627 597 1784 646 suapte

146 657 326 697 demum
356 660 514 709 sponte
557 670 756 698 errorum
800 660 1108 711 labyrinthum
1144 660 1386 705 fastidiret;
1423 662 1592 711 quanto
1635 662 1784 699 autem

147 723 305 763 maiori
326 723 429 763 odio
450 726 580 763 antea
602 736 685 763 nos
702 729 1001 776 prosequutus
1023 727 1121 770 fuit,
1146 728 1269 765 tanto
1291 725 1614 765 uehementiori
1635 737 1785 764 amore

145 789 470 840 complectitur,
503 790 667 828 famam
712 793 910 830 nostram
941 804 965 831 a
999 792 1297 843 malignorum
1327 790 1568 841 calumnijs
1590 803 1668 841 pro
1702 803 1784 830 sua

147 854 271 893 uirili
302 854 516 894 uindicat.
549 854 752 905 aliosque
781 856 836 894 ad
868 868 963 903 nos,
1000 859 1044 896 ut
1092 859 1134 896 et
1177 856 1262 907 ipsi
1307 856 1538 896 ueritatem
1584 856 1784 907 agnitam

148 919 488 970 amplectantur,
521 920 715 959 adducit.
751 920 840 972 Alij
872 922 947 972 qui
994 922 1149 961 multis
1188 921 1320 961 annis
1364 933 1535 961 sacram
1580 921 1786 972 synaxim

146 985 232 1024 sub
275 987 463 1036 utraque
506 985 651 1036 specie
695 990 998 1037 sumpserunt.
1040 988 1245 1027 abiurata
1298 999 1416 1027 nunc
1464 986 1784 1035 inobedientia,

147 1050 368 1090 Ecclesiae
410 1050 689 1090 concordiam
736 1055 999 1102 sequuntur.
1032 1053 1219 1092 Plurimi
1249 1053 1324 1103 alij
1358 1052 1652 1092 concionibus
1681 1063 1786 1092 nos-

147 1117 315 1155 trorum
365 1116 568 1166 permoti,
614 1117 883 1167 grauissima
932 1120 1124 1168 peccata,
1166 1130 1397 1169 nunquam
1446 1120 1591 1164 antea,
1624 1118 1785 1168 partim

145 1181 203 1220 ob
224 1181 540 1232 ignorantiam,
565 1181 728 1232 partim
758 1183 815 1221 ob
848 1183 1158 1223 verecundiam
1190 1186 1232 1223 et
1254 1184 1455 1223 timorem
1478 1183 1663 1229 detecta,
1687 1194 1788 1222 nos-

147 1246 228 1285 tris
257 1248 550 1297 aperuerunt,
583 1249 625 1285 et
655 1247 932 1298 plaerunque
963 1248 1101 1288 totius
1136 1249 1255 1288 uitae
1290 1248 1520 1300 generales
1550 1250 1656 1287 sunt
1685 1259 1788 1287 con-

147 1310 365 1351 fessiones
394 1323 549 1351 omnes
582 1324 696 1363 quae
726 1313 894 1351 nostris
924 1315 1055 1356 tiunt.
1087 1314 1347 1364 praesertim
1377 1314 1433 1352 ab
1463 1313 1520 1364 ijs
1549 1313 1625 1364 qui
1656 1315 1787 1352 antea

147 1388 239 1416 non
268 1378 374 1416 sunt
403 1377 522 1428 apud
560 1389 643 1416 nos
687 1377 895 1417 confessi.
930 1378 1142 1426 Fuerunt,
1174 1379 1251 1429 qui
1282 1381 1324 1418 et
1353 1380 1446 1418 toto
1491 1378 1610 1418 uitae
1652 1389 1784 1417 cursu

147 1454 380 1493 nunquam
409 1444 535 1482 erant
564 1442 772 1489 confessi,
805 1443 882 1482 sed
913 1444 1030 1494 apud
1062 1456 1144 1483 nos
1176 1444 1366 1495 primum
1391 1443 1688 1495 poenitentiae
1717 1455 1786 1482 sa-

146 1509 424 1547 cramentum
454 1508 719 1559 consequuti
750 1510 870 1548 sunt.
908 1509 1135 1549 Matronae
1178 1509 1368 1549 consilio
1398 1512 1440 1549 et
1470 1509 1653 1548 monitis
1683 1520 1786 1548 con-

147 1572 436 1612 fessariorum
458 1573 642 1612 maritos
664 1573 908 1621 adducunt,
933 1575 1079 1613 mariti
1107 1586 1282 1620 uxores,
1306 1577 1469 1614 matres
1499 1586 1605 1614 suas
1639 1574 1788 1625 proles

146 1640 189 1677 et
217 1650 522 1689 quoscumque
552 1641 742 1689 possunt
771 1639 899 1679 alios.
924 1639 1047 1679 Duae
1069 1640 1320 1690 praeclarae
1351 1640 1547 1691 virgines
1568 1640 1613 1679 in
1644 1639 1788 1678 luthe-

146 1704 344 1743 ranismo
373 1705 429 1743 ab
459 1704 651 1743 infantia
681 1704 784 1744 inde
824 1705 1038 1744 educatae
1070 1710 1276 1756 (quarum
1320 1705 1505 1745 alterius
1539 1707 1664 1756 pater
1703 1704 1788 1744 suit

147 1780 267 1808 unus
295 1780 348 1808 ex
378 1769 705 1808 haeresiarchis
745 1770 1039 1821 scriptoribus
1069 1783 1094 1809 a
1124 1770 1265 1810 Paulo
1308 1773 1467 1821 quarto
1511 1769 1709 1821 pontifici
1740 1769 1785 1808 in

147 1835 351 1886 catalogo
380 1835 623 1883 damnatis)
654 1836 870 1887 gloriatae
900 1835 1145 1886 aliquando
1166 1838 1286 1883 sunt,
1319 1847 1365 1875 se
1395 1848 1492 1875 cum
1517 1837 1669 1875 nostro
1690 1847 1788 1875 con-

147 1900 375 1940 cionatore
404 1901 727 1952 disputaturas,
759 1901 837 1940 sed
867 1913 919 1941 ex
949 1901 1092 1952 primo
1131 1901 1357 1952 colloquio
1401 1901 1463 1940 ita
1506 1901 1627 1940 fuere
1669 1912 1787 1940 com-

148 1968 353 2016 punctae,
385 1968 434 2005 ut
463 1967 614 2006 statim
636 1966 787 2006 animo
807 1966 1110 2006 concluserint
1139 1978 1186 2006 se
1230 1967 1359 2005 fidem
1398 1966 1663 2006 catholicam
1698 1977 1790 2005 am-

148 2031 371 2082 plexuras,
403 2034 445 2071 et
473 2032 684 2083 quamuis
718 2032 1050 2083 persecutiones
1093 2032 1180 2071 iam
1212 2032 1303 2083 pati
1334 2032 1566 2083 incipiant,
1598 2031 1733 2071 etiam
1763 2043 1788 2071 a

149 2097 327 2148 propria
356 2097 553 2145 domina,
586 2098 897 2149 potentissima
926 2098 1106 2149 quidem
1151 2098 1243 2142 illa,
1276 2098 1352 2137 sed
1397 2097 1632 2145 haeretica,
1666 2097 1789 2148 ipsae

147 2165 297 2202 tamen
328 2163 475 2203 minas
503 2175 671 2215 susque
700 2163 843 2215 deque
873 2164 1078 2211 ferentes,
1102 2163 1310 2203 dominae
1342 2163 1492 2214 potius
1522 2163 1788 2202 famulatum

147 2240 245 2268 sese
274 2229 481 2268 abdicare
510 2229 685 2275 uolunt,
721 2228 984 2280 proprieque
1013 2229 1246 2269 consulere
1275 2228 1428 2276 saluti,
1452 2240 1584 2279 quam
1617 2227 1789 2267 diutius

148 2293 196 2333 in
226 2294 364 2334 tantis
393 2294 570 2333 animae
600 2294 811 2345 periculis
850 2294 1036 2334 uersari.
1070 2294 1270 2334 Matrona
1310 2294 1527 2345 quaedam
1572 2295 1664 2333 tota
1695 2293 1786 2332 uita

149 2359 196 2398 in
226 2359 553 2399 lutheranismo
583 2359 712 2408 uixit,
735 2372 880 2400 annos
901 2362 1005 2399 nata
1027 2360 1201 2399 circiter
1229 2359 1542 2410 quadraginta,
1566 2358 1643 2398 sed
1664 2370 1689 2398 a
1714 2358 1790 2398 do-

150 2424 272 2464 mino
301 2425 496 2476 quodam
526 2425 582 2464 ad
612 2437 695 2465 nos
725 2425 878 2469 missa,
902 2427 951 2465 ut
980 2425 1213 2465 doceretur
1232 2425 1363 2464 fidem
1385 2424 1664 2472 catholicam,
1687 2435 1790 2464 con-

148 2489 277 2530 tinuo
307 2502 470 2541 magna
498 2502 595 2530 cum
620 2490 760 2530 animi
780 2491 1048 2530 contritione
1073 2492 1248 2541 peccata
1268 2490 1406 2529 totius
1428 2489 1547 2529 uitae
1567 2490 1786 2536 confessa,

149 2555 371 2596 Ecclesiae
401 2568 447 2596 se
477 2556 664 2604 addixit,
696 2558 739 2596 et
771 2568 871 2596 cum
916 2557 1150 2596 catholicis
1194 2555 1558 2595 communicauit.
1592 2554 1681 2606 Alij
1715 2555 1790 2594 tri-

148 2621 248 2669 bus,
280 2623 487 2673 quatuor,
519 2622 719 2673 quinque
762 2622 895 2662 annis
924 2634 1158 2673 nunquam
1201 2620 1410 2668 confessi,
1456 2620 1789 2672 quamprimum

148 2687 205 2726 ad
234 2689 412 2727 nostros
433 2689 730 2735 accesserunt,
753 2699 845 2727 non
867 2687 1168 2739 promiserunt
1189 2686 1351 2734 solum,
1375 2686 1453 2725 sed
1473 2686 1632 2725 seriam
1655 2685 1788 2725 etiam

150 2753 289 2793 totius
319 2754 406 2793 iam
428 2753 549 2793 uitae
568 2753 926 2793 emendationem
949 2753 1255 2804 incoeperunt.
1279 2751 1405 2791 Multi
1428 2753 1534 2791 sunt
1561 2751 1639 2802 qui
1669 2762 1790 2790 more

150 2817 378 2858 Nicodemi
409 2823 421 2842 ²
454 2818 570 2858 clam
599 2818 655 2858 ad
686 2830 768 2858 nos
797 2818 987 2858 ueniunt
1017 2829 1188 2869 suaque
1208 2817 1398 2857 consilia
1424 2816 1657 2856 nobiscum
1688 2827 1791 2856 con-

214 3015 225 3032 ¹
247 3013 300 3047 Cf.
326 3013 428 3047 IOAN.
454 3014 516 3052 ΙΙΙ,
544 3015 572 3045 1.
