2028 3531
349 262 417 296 «2⁰6
824 260 1025 297 er'rssaAi:
1052 264 1396 306 QuAanESTaEs

307 380 349 418 Ρ.
386 379 585 418 Andreas
615 378 1002 429 Walkenburgius,
1034 381 1109 431 qui
1142 381 1185 419 in
1216 379 1449 418 audiendis
1479 379 1835 419 confessionibus
1856 391 1921 419 se-

302 444 435 483 dulus
466 444 563 485 fuit.
598 443 859 494 l'opardiam
891 444 962 483 his
990 445 1147 484 diebus
1178 445 1340 483 missus
1370 446 1449 492 est,
1483 445 1527 482 vt
1556 444 1735 483 nomine
1781 446 1921 495 pasto-

303 509 362 547 ris
393 511 420 549 ¹.
453 508 527 559 qui
559 507 810 558 spiritualia
855 508 925 548 hic
967 512 1255 560 suscepturus
1285 511 1349 547 est
1378 508 1600 555 exercitia,
1645 520 1799 559 agrum
1839 509 1922 548 Do-

304 573 410 612 mini
441 573 494 612 ad
527 575 700 623 tempus
733 573 916 613 excolat.

380 638 418 676 ἷ).
451 639 658 687 Superest
688 648 821 680 nunc.
854 638 904 677 R.
931 638 974 677 in
998 638 1172 678 Clu-isto
1206 639 1347 676 Pater.
1376 639 1419 675 vt
1442 637 1812 683 beneuolentiam,
1834 649 1920 688 qua

303 702 536 741 vniuersus
567 702 637 741 hic
668 702 934 741 treuerensis
965 704 1170 753 populus,
1203 705 1333 753 atque
1367 703 1409 740 in
1444 702 1597 752 primis
1628 702 1678 740 R.
1703 702 1920 753 archipre-

301 767 369 805 sul
402 768 596 805 nostram
627 766 885 806 Societatem
920 768 1214 818 prosequitur.
1247 767 1543 813 declaremus;
1580 778 1631 806 ex
1661 767 1825 817 quibus
1853 779 1922 806 co·

301 843 509 881 gnoscere
540 831 686 871 licebit
717 834 882 881 quanta
911 832 1143 871 clementia
1177 833 1291 871 Deus
1320 830 1436 882 Opti.
1460 831 1572 870 Max.
1598 843 1665 870 res
1691 831 1922 871 Societatis

300 898 435 939 curet.
467 895 847 947 administretque.
881 897 917 936 A
949 899 1099 936 nostro
1131 897 1265 947 igitur
1296 897 1340 934 in
1370 896 1453 935 hac
1483 896 1587 935 vrbe
1629 896 1823 935 aduentu
1860 908 1921 935 re-

300 960 650 1000 uerendissimus
692 961 1067 1012 archiepiscopus,
1112 963 1310 1003 abbates,
1356 960 1558 1000 canonici
1604 963 1645 1000 et
1684 960 1920 1000 vniuersus

299 1025 490 1075 denique
519 1024 708 1065 Senatus
737 1025 793 1065 ad
824 1027 988 1065 tantam
1019 1038 1139 1076 spem
1171 1028 1275 1065 sunt
1298 1025 1427 1064 erecti
1450 1029 1567 1072 (cum
1592 1025 1714 1075 prius
1735 1026 1787 1065 de
1810 1025 1920 1064 inte-

301 1090 385 1129 ritu
406 1089 539 1129 buius
556 1089 824 1140 reipublicae
843 1093 1115 1139 metuerent).
1133 1092 1175 1129 vt
1193 1093 1443 1129 nostrorum
1462 1090 1610 1129 studio
1627 1089 1855 1140 religionis
1871 1101 1921 1129 ac

299 1154 447 1194 ciuilis
468 1154 691 1194 facultatis
712 1157 872 1194 statum
893 1156 937 1194 in
956 1155 1187 1206 pristinam
1207 1155 1382 1205 pietatis
1398 1154 1580 1194 formam
1602 1154 1919 1194 restituendum

299 1219 529 1265 affirment,
553 1219 815 1271 publiceque
845 1220 1087 1260 fateantur:
1121 1232 1252 1270 quam
1285 1220 1398 1258 bone
1428 1219 1520 1270 spei
1541 1219 1852 1269 cogitationem
1874 1219 1919 1258 in

300 1284 454 1335 primis
474 1285 807 1324 illustrissimus
837 1285 908 1324 hic
939 1285 1142 1336 princeps
1173 1285 1378 1335 plurimis
1399 1284 1734 1324 beneuolentiae
1754 1284 1917 1335 signifi-

298 1349 550 1389 cationibus
571 1349 827 1390 declarauit.
852 1350 980 1401 [Vide
1010 1364 1106 1400 sup.
1129 1364 1230 1401 pay.
1266 1349 1372 1401 1631.
1405 1349 1562 1388 Libros
1583 1349 1713 1388 etiam
1740 1348 1920 1388 cuilibet

299 1413 563 1464 professioni
589 1413 714 1453 Vtiles
735 1425 785 1453 ac
805 1414 1079 1453 necessarios
1099 1414 1183 1453 emi
1208 1413 1336 1452 nobis
1357 1414 1546 1459 curauit,
1567 1413 1643 1464 qui
1660 1425 1750 1452 non
1772 1413 1920 1452 minus

299 1478 504 1517 trecentis
533 1478 680 1517 aureis
709 1478 1069 1518 constiterunt....
1105 1479 1221 1517 idem
1254 1478 1304 1517 R.
1337 1478 1545 1517 dominus
1577 1477 1917 1529 [suffraganeus]

298 1543 369 1581 his
398 1543 555 1581 diebus
585 1543 710 1582 iussu
743 1543 1099 1582 reuerendissimi
1139 1542 1460 1593 archiepiscopi
1491 1542 1535 1581 in
1567 1542 1752 1592 prandio
1791 1542 1920 1581 nobis

297 1607 453 1649 adfuit,
487 1607 532 1646 in
562 1619 649 1658 quo
679 1619 731 1646 ex
761 1607 947 1646 lectione
977 1608 1202 1646 literarum
1233 1607 1640 1658 quadrimestrium,
1673 1618 1785 1657 quas
1815 1608 1920 1646 tunc

297 1683 348 1710 ex
381 1672 483 1710 vrbe
513 1683 835 1722 acceperamus,
868 1672 929 1710 ita
960 1674 1179 1711 recreatus
1209 1672 1306 1715 suit,
1343 1674 1399 1717 vt,
1432 1671 1558 1710 finito
1601 1671 1800 1721 prandio,
1845 1682 1919 1710 eas

297 1736 442 1775 denuo
473 1736 614 1787 legere
646 1736 898 1776 voluerit....
930 1736 1079 1787 Neque
1109 1737 1181 1775 hic
1210 1736 1396 1775 aliorum
1442 1735 1767 1786 praeclarorum
1807 1735 1919 1774 viro-

298 1813 393 1840 rum
425 1800 780 1840 beneuolentiam
809 1813 912 1851 erga
942 1813 1024 1840 nos
1054 1801 1261 1851 preterire
1287 1812 1483 1851 possum,
1506 1800 1579 1851 qui
1604 1800 1799 1839 studium
1824 1811 1919 1850 pro—

298 1865 505 1905 mouendi
536 1866 616 1905 hoc
647 1866 898 1916 collegium,
930 1867 1047 1917 quod
1078 1866 1212 1905 semel
1243 1866 1433 1916 amplexi
1464 1867 1583 1913 sunt,
1606 1865 1738 1904 nouis
1758 1865 1803 1903 in
1825 1865 1918 1904 dies

298 1930 522 1980 beneficiis
551 1931 803 1978 declarant3
837 1931 951 1970 inter
980 1943 1091 1981 quos
1121 1931 1276 1970 sedulo
1306 1931 1351 1969 in
1382 1931 1465 1969 hoc
1494 1930 1711 1969 incumbit
1740 1941 1919 1980 genero-

296 2007 372 2034 sus
415 1997 457 2034 et
487 1995 753 2034 venerabilis
796 1996 1004 2035 dominus
1050 1996 1299 2046 prepositus
1345 1995 1523 2034 maioris
1566 1994 1775 2034 ecclesiae
1817 2006 1916 2033 cum

297 2060 528 2100 nonnullis
557 2060 659 2111 alijs
689 2061 1016 2100 archidiaconis
1045 2064 1084 2100 et
1115 2061 1355 2101 canonicis.
1390 2061 1430 2099 Is
1459 2060 1577 2099 enim
1608 2060 1753 2099 statim
1786 2061 1917 2110 atque

295 2125 523 2175 catalogos
562 2126 866 2164 renouationis
909 2126 1157 2164 studiorum
1202 2126 1383 2175 accepit,
1430 2125 1651 2176 priuatum
1695 2124 1917 2175 quendam

296 2189 509 2228 nuncium
540 2190 585 2228 in
616 2189 805 2229 Galliam
837 2190 971 2231 misit.
1004 2191 1073 2229 cui
1104 2190 1233 2229 etiam
1262 2190 1412 2229 literas
1432 2190 1487 2229 ad
1508 2190 1728 2241 quendam
1749 2189 1915 2228 clarum

296 2254 436 2293 virum
471 2254 516 2292 in
547 2257 742 2293 nostram
773 2255 1197 2294 commendationem
1238 2255 1498 2294 deferendas
1527 2254 1722 2293 tradidit.
1756 2253 1916 2292 Miran-

296 2321 367 2358 tur
396 2331 501 2359 sane
530 2320 846 2370 quamplurimi
878 2320 1014 2359 totius
1044 2320 1267 2359 societatis
1296 2322 1458 2359 statum
1490 2332 1515 2358 a
1545 2322 1696 2358 nostro
1721 2319 1916 2358 aduentu

294 2385 347 2423 ad
378 2387 546 2423 tantam
576 2385 855 2424 concordiam
887 2385 1343 2435 tranquillitatemque
1373 2387 1633 2424 renouatum
1673 2395 1782 2423 esse.
1830 2383 1916 2422 Mo-

295 2449 589 2488 nasteriorum
633 2450 815 2489 abbates
855 2450 1008 2488 multis
1040 2449 1269 2488 verborum
1302 2461 1351 2488 ac
1382 2449 1718 2488 beneuolentiae
1747 2448 1914 2499 signifi-

294 2514 546 2553 cationibus
588 2514 811 2553 declarare
853 2514 1122 2553 contendunt
1169 2526 1319 2553 eorum
1364 2514 1593 2565 religionis
1639 2513 1915 2553 constitutio-

295 2590 394 2617 nem
424 2586 440 2604 -‘¹
464 2591 601 2629 poene
630 2579 886 2629 collapsam,
912 2581 1063 2617 nostro
1094 2579 1243 2617 labore
1274 2579 1590 2618 restituendam
1612 2589 1720 2618 esse.
1756 2577 1915 2627 Quam-

294 2644 443 2683 obrem
475 2644 653 2683 assidue
696 2655 873 2694 operam
916 2655 1041 2682 suam
1085 2643 1215 2682 nobis
1258 2643 1449 2682 offerunt
1491 2645 1735 2694 rogantque
1764 2642 1915 2693 sepius

295 2708 465 2747 Patrem
499 2710 709 2747 rectorem
736 2710 781 2747 vt
809 2708 1002 2758 aliquem
1023 2719 1075 2746 ex
1097 2707 1260 2746 nostris
1289 2707 1344 2745 ad
1373 2719 1523 2747 eorum
1555 2706 1821 2746 monasteria
1841 2705 1915 2745 ad-

295 2773 453 2821 mittat„
486 2774 561 2824 qui
592 2785 698 2813 suos
741 2773 982 2812 monachos
1020 2772 1072 2811 ad
1114 2772 1306 2811 instituti
1338 2773 1407 2812 sui
1438 2771 1802 2823 prelectionemffi
1846 2783 1914 2810 co-

355 2924 371 2941 a
407 2916 647 2947 contitionem
671 2925 741 2947 ms.
767 2915 852 2946 sine
890 2914 969 2946 ullo
996 2913 1150 2946 abbrev.
1175 2914 1301 2954 sigma.

356 3041 364 3057 ¹
389 3039 423 3071 Is
447 3041 525 3071 erat
548 3040 678 3072 Petrus
702 3039 812 3072 Phae‘.
836 3039 928 3072 Vide
951 3037 1095 3070 Lainaii
1118 3037 1289 3069 Nonum.
1316 3038 1338 3070 1.
1364 3047 1407 3077 c.‚
1432 3039 1503 3071 500.
