2028 3531
519 284 600 320 498.
632 304 673 309 -
703 284 930 319 SYRACUS1S
960 283 1003 318 Π)
1030 283 1199 318 APRILIS
1228 283 1314 317 ‘1561
1623 285 1681 319 191

101 405 269 456 parolle
299 417 324 443 a
352 404 692 455 quest’huomo‚
724 402 993 453 dicendogli,
1026 402 1106 445 voi,
1128 404 1238 441 sette
1270 404 1494 452 pescatore
1523 402 1567 441 di
1600 402 1733 452 pesci,

101 472 142 509 et
172 469 246 509 noi
277 469 419 509 siamo
449 467 658 519 piscatori
689 467 975 510 d'huomini:
1008 467 1161 506 (literni
1183 466 1226 505 vi
1247 469 1357 506 sette
1386 466 1455 505 voi
1486 468 1736 506 confessato

99 537 256 586 questa
286 534 449 585 pascha
465 535 485 573 ζ)
514 535 556 573 et
586 533 650 573 lui
685 536 888 573 tacceua:
922 532 972 579 O,
1005 532 1076 572 chi
1122 534 1231 579 tace,
1263 532 1516 571 consentire
1545 531 1583 570 si
1624 532 1734 571 dice.

100 599 272 647 Venite,
304 598 451 638 venite
495 610 631 645 meco,
663 598 743 638 che
772 597 817 636 vi
849 597 1000 649 uoglio
1044 609 1246 648 pescare:
1279 599 1321 636 et
1351 598 1442 636 cosi
1487 596 1551 636 lui
1586 596 1736 636 subito

99 676 182 704 con
212 676 323 716 gran
352 663 658 703 consolatione
688 663 807 714 degli
837 662 1126 702 circonstanti
1162 662 1290 702 casco
1321 662 1440 702 nella
1470 664 1593 709 reste,
1625 663 1667 701 et
1697 661 1735 700 si

100 731 168 769 sta
188 729 346 769 adesso
376 729 672 788 cqnfessando
704 730 874 768 mentra
900 728 981 768 che
1002 727 1045 767 io
1066 730 1135 767 sto
1155 729 1309 778 queste
1339 727 1455 767 linee
1485 726 1735 767 scriuendo.

206 796 465 845 Inscriptio.
501 794 555 833 Al
586 794 724 833 molto
756 792 853 833 R.d0
882 793 927 832 in
959 792 1089 833 Chro.
1124 793 1194 832 P.e
1234 793 1312 832 ΜΡ
1347 793 1521 831 laconio
1562 791 1735 843 Laynez

101 860 324 912 preposito
354 859 558 910 generale
588 859 705 898 della
735 858 1009 910 Compagnia
1039 858 1082 897 di
1116 859 1215 897 Iesu
1236 858 1283 897 in
1305 858 1446 897 Roma
1466 881 1518 885 —
1540 857 1590 896 ln
1612 856 1737 907 piaza

99 925 388 976 degl‘Altieri
420 925 539 964 nella
570 924 744 975 Comp.a
781 924 824 963 di
859 924 957 963 Iesu
987 947 1037 951 —-
1068 923 1180 965 Cito,
1213 922 1326 963 Cito.

207 990 363 1041 Sigilli
392 992 649 1041 vestigium.

205 1058 263 1096 In
307 1059 513 1107 margine
553 1058 647 1095 alia
678 1069 832 1095 mana.
866 1054 970 1095 Sine
1000 1067 1119 1094 anno
1151 1056 1263 1096 (sic).
1298 1055 1396 1094 Lra.
1446 1054 1636 1094 edificat.
1678 1053 1732 1092 de

98 1133 199 1161 cose
228 1121 299 1161 del
329 1121 519 1160 contado
549 1121 593 1160 di
628 1121 780 1161 Roma.

859 1372 975 1420 498

608 1524 932 1574 CAROLUS
978 1524 1223 1574 REGIUS

564 1674 787 1699 sx-mccsffi
836 1663 880 1698 15
923 1673 1085 1699 ,namus
1135 1663 1222 1698 1561
1268 1664 1291 1698 1.

95 1799 133 1834 1.
177 1796 428 1834 Litteraria
475 1797 688 1834 exercitia
727 1796 900 1846 publice
946 1795 1179 1843 habentur,
1225 1796 1264 1834 et
1315 1797 1359 1833 in
1406 1795 1734 1833 mathematicis

204 1861 587 1911 disputationibus
617 1862 669 1900 ab
699 1863 911 1900 extraneo
941 1861 1119 1908 habitis,
1152 1862 1415 1900 nostrorum
1446 1860 1631 1910 quidam
1663 1872 1735 1898 ar-

201 1928 510 1976 gumentatur.
547 1927 784 1966 Contiones
827 1928 884 1966 acl
927 1928 1174 1976 confertam
1208 1927 1565 1966 irtztltitu-dinem.
1599 1937 1736 1974 (licam

205 1993 419 2042 temptum
448 2005 601 2042 capere
630 2005 721 2031 non
747 1993 904 2043 potest.
937 1994 1172 2031 Exciso-sas
1193 1993 1245 2031 P.
1269 1993 1469 2030 Hectoris
1499 1991 1557 2029 acl
1592 1992 1736 2029 vicina

202 2058 377 2107 oppida.
415 2058 727 2097 Paenitentiae
755 2059 1031 2097 sacramenti
1073 2058 1265 2107 fractus.
1299 2079 1347 2083 —
1384 2060 1426 2095 2.
1462 2057 1601 2106 Opera
1633 2067 1733 2094 *nos-

206 2124 381 2161 trorum
428 2124 599 2173 femina
646 2124 811 2162 nobilis
854 2125 894 2162 et
932 2125 1011 2174 pia
1056 2124 1386 2162 momcsteriam
1443 2122 1524 2161 sab
1577 2121 1735 2171 remila

204 2188 321 2228 Stae.
358 2188 518 2228 Clarae
547 2190 811 2239 erigendam
841 2190 984 2228 curat.

179 2325 214 2363 l.
246 2325 275 2374 †
306 2325 397 2363 Pax
428 2325 528 2376 Xpi.
559 2327 640 2364 etc.
676 2325 831 2377 [Licet
848 2327 1082 2366 scribenda
1106 2339 1255 2377 parva
1284 2327 1389 2374 sint,
1422 2338 1473 2365 ea
1505 2327 1653 2364 tamen
1684 2337 1736 2363 esc

98 2391 374 2430 oboedientia
404 2390 595 2443 scribitJ.
621 2391 817 2431 Primum
854 2391 1006 2443 igitur,
1029 2391 1076 2430 in
1097 2391 1265 2431 scholis
1285 2392 1499 2430 consueta
1525 2389 1734 2429 Societati

96 2458 273 2495 nostrae
316 2456 524 2495 exercitia
567 2456 694 2496 fiunt.
745 2456 896 2508 Nuper
938 2469 1045 2496 uero
1089 2457 1136 2496 in
1180 2457 1291 2496 testo
1331 2456 1382 2495 D.
1438 2455 1630 2506 Iosephj.
1663 2454 1735 2494 cui

96 2521 292 2561 dicatum
321 2523 389 2561 est
418 2524 617 2561 nostrum
650 2523 880 2573 templum,
904 2522 1120 2562 sustinuit
1150 2523 1333 2574 quidam
1363 2535 1386 2562 e
1416 2522 1582 2562 nostris
1613 2532 1736 2572 prae-

95 2586 350 2637 ceptoribus
392 2587 705 2627 conclusiones
734 2588 980 2627 rhetoricae
1023 2588 1132 2627 artis
1166 2590 1208 2628 et
1248 2588 1578 2639 grammaticae,
1612 2598 1734 2638 prae-

96 2654 219 2691 sente
267 2652 531 2704 magistratu
574 2664 624 2692 ac
668 2653 840 2704 reliquo
884 2653 1074 2705 populo;
1120 2656 1275 2693 contra
1317 2666 1430 2705 quas
1473 2654 1734 2704 argumenta

96 2718 236 2757 multa
264 2718 470 2769 opposita
513 2719 648 2759 fuere.
695 2718 906 2769 Sequenti
940 2731 1044 2759 uero
1087 2719 1158 2759 die
1201 2719 1425 2759 dominica
1456 2720 1608 2758 contra
1652 2729 1736 2757 nos

96 2782 308 2822 incitatus
338 2785 491 2823 nostro
520 2784 739 2835 exemplo,
762 2784 944 2835 quidam
974 2787 1185 2825 externus
1216 2786 1472 2835 praeceptor
1502 2782 1734 2834 proposuit

96 2850 138 2887 et
167 2848 262 2899 ipse
292 2848 339 2888 in
369 2860 544 2889 summo
575 2849 740 2900 templo
770 2850 969 2889 ciuitatis
998 2850 1245 2901 positiones
1275 2862 1381 2889 suas
1410 2861 1462 2888 ex
1493 2849 1735 2888 mathema-

96 2913 196 2953 ticis
225 2913 425 2965 scientijs
454 2914 761 2965 depromptas:
808 2915 1026 2955 aduersus
1068 2927 1182 2966 quas
1220 2917 1474 2954 nostrorum
1506 2914 1731 2965 quispiam

160 3089 168 3104 ¹
194 3085 245 3117 Ex
268 3087 414 3127 autogr.
441 3087 479 3118 in
503 3087 582 3119 cod.
610 3087 699 3120 Ital.
725 3087 808 3125 117,
832 3088 868 3120 ff.
899 3088 1052 3122 177-1782
1080 3088 1183 3128 prius
1216 3088 1286 3119 1:31.
