2028 3531
503 287 584 323 609.
612 308 654 312 -
683 287 957 323 INGoLsrAmo
984 286 1006 322 3
1032 286 1226 323 IANUARH
1256 285 1345 321 1562
1629 283 1700 320 695

113 417 421 457 germanorum
453 405 686 445 hominum
723 406 883 457 pietate
912 417 1142 457 nunquam
1177 406 1271 445 erat
1303 403 1618 455 expectandus,
1660 402 1745 441 Ta-

112 483 189 511 ceo
233 470 404 521 reliqua
447 470 559 509 festa
596 472 638 509 et
668 471 917 511 dominicos
947 471 1056 519 dies,
1097 482 1285 522 quorum
1332 468 1461 520 pauci
1491 468 1744 515 elabuntur,

114 535 278 588 quibus
308 547 399 574 non
428 535 570 585 aliqui
601 535 684 575 hoc
714 548 839 575 sacro
871 548 982 587 pane
1012 538 1264 587 pascantur.
1298 534 1432 574 Fiunt
1460 533 1582 573 omni
1613 543 1748 583 prope

114 601 225 641 festo
255 600 325 639 die
354 612 379 639 a
401 599 566 639 nostris
588 600 634 639 in
658 612 794 651 pagos
826 601 995 640 vicinos
1025 601 1325 647 excursiones,
1357 610 1546 650 quarum
1578 598 1748 637 fructus

113 665 304 706 viciniae
347 665 670 705 haereticorum
718 666 916 717 apertius
959 679 1092 718 quam
1142 677 1224 705 nos
1271 665 1356 716 ipsi
1406 663 1747 715 persentiscunt.

114 732 233 771 Inter
274 731 357 770 hos
387 731 435 771 P.
468 730 518 771 R.
550 733 700 770 noster
742 743 833 770 non
863 733 929 771 est
974 734 1239 782 postremus,
1271 730 1381 782 quin
1424 729 1575 776 etiam,
1608 729 1655 768 vt
1688 727 1750 767 fa-

111 796 318 836 cultatem
363 795 605 847 germanici
649 796 870 836 sermonis
900 797 986 836 sibi
1040 798 1176 847 paret,
1209 796 1344 835 semel
1374 795 1421 834 in
1455 793 1746 841 hebdomade,

112 862 217 901 dum
248 860 487 912 collegium
529 863 700 904 coenat,
733 862 1041 901 concionando
1087 873 1184 901 sese
1212 872 1412 900 exercere
1454 859 1582 899 solet.
1628 858 1750 898 Facit

113 926 309 978 optimus
352 927 399 966 P.
445 938 560 977 quae
600 938 814 978 syncerus
862 929 1040 967 nostrae
1084 926 1349 968 Germaniae
1393 927 1622 977 patronus,
1668 935 1723 963 ne

113 993 257 1032 dicam
287 980 532 1043 apostolus,
557 992 698 1032 facere
729 994 886 1043 potest,
910 992 1040 1032 cuius
1069 993 1130 1032 rei
1161 994 1295 1032 testes
1324 993 1455 1032 erunt
1483 990 1750 1031 durissimae

114 1057 507 1109 peregrinationes,
531 1059 572 1097 et
601 1058 816 1097 exantlati
847 1058 1042 1106 labores,
1066 1058 1225 1098 iterum
1256 1069 1306 1097 ac
1336 1057 1465 1097 tertio
1488 1056 1620 1096 vnius
1641 1055 1749 1095 anni

113 1122 263 1173 spacio
306 1122 353 1161 in
395 1122 633 1173 collegium
666 1122 922 1170 viennense,
956 1135 1185 1174 pragense,
1217 1124 1260 1162 et
1293 1121 1622 1168 monachiense,
1654 1122 1749 1160 tum

116 1188 363 1239 Augustam
407 1199 599 1239 quoque,
646 1188 836 1239 pedestri
880 1200 1054 1239 semper
1097 1188 1254 1228 itinere
1297 1189 1511 1238 peractae.
1558 1185 1657 1226 Non
1687 1197 1751 1225 re-

114 1255 259 1305 petam
288 1253 467 1304 pietatis
505 1253 664 1301 officia,
696 1266 810 1305 quae
840 1254 982 1294 nostri
1026 1254 1219 1294 subinde
1249 1253 1460 1294 exhibent
1491 1252 1563 1305 ijs,
1594 1252 1673 1304 qui
1703 1252 1750 1292 in

114 1319 387 1359 zenodochio
412 1319 594 1371 degunt,
619 1320 702 1359 hos
731 1320 1005 1359 consolando
1026 1322 1067 1359 et
1088 1319 1144 1359 ad
1168 1319 1424 1370 patientiam
1456 1318 1749 1366 exhortando,

114 1384 218 1424 illos
248 1397 350 1424 vero
393 1386 450 1424 ab
492 1397 637 1425 errore
675 1385 792 1425 circa
835 1386 966 1425 fidem
1010 1385 1277 1425 reuocando
1324 1384 1652 1435 Saepenumero
1695 1383 1751 1423 ad

113 1450 234 1490 ciues
281 1452 486 1502 aegrotos
517 1453 746 1499 vocantur,
788 1451 908 1501 quod
954 1463 1213 1502 persuasum
1259 1451 1454 1490 habeant
1496 1451 1749 1489 nostrorum

116 1517 209 1555 tum
239 1515 493 1567 colloquiis,
525 1517 619 1555 tum
649 1516 931 1556 orationibus
961 1528 1007 1555 se
1038 1517 1321 1563 reualituros,
1353 1517 1430 1555 aut
1460 1514 1623 1554 rectius
1652 1513 1750 1565 qui-

115 1581 214 1620 dem
257 1593 310 1621 ex
353 1581 436 1621 hac
475 1581 564 1621 vita
606 1582 890 1633 migraturos.
932 1582 1139 1633 Virgines
1182 1582 1354 1632 aliquot
1397 1581 1530 1620 etiam
1577 1579 1752 1620 nobiles

115 1648 368 1686 nostrorum
400 1658 538 1687 suasu
568 1647 624 1687 ad
655 1647 887 1698 religionis
920 1649 1098 1698 portum
1128 1648 1381 1698 confugere,
1404 1648 1446 1686 et
1475 1646 1563 1685 iam
1594 1657 1754 1697 agnos-

116 1714 223 1751 cunt
266 1712 511 1752 monachae
571 1712 871 1752 accessionem
915 1712 1116 1764 coenobi]
1163 1712 1234 1752 sui
1273 1724 1298 1751 a
1328 1711 1460 1751 nobis
1508 1722 1671 1762 magna
1700 1722 1753 1750 ex

116 1779 239 1828 parte
282 1777 532 1829 prouenire,
564 1777 940 1829 quemadmodum
984 1780 1133 1828 aperte
1177 1778 1318 1817 fassae
1363 1778 1480 1817 sunt.
1526 1775 1752 1826 Quaedam

116 1842 459 1882 honestissimae
503 1845 732 1882 matronae
762 1845 915 1883 nostra
958 1843 1006 1882 in
1049 1843 1363 1894 spiritualibus
1391 1853 1523 1893 opera
1563 1841 1754 1881 libenter

118 1910 316 1956 vtuntur‚
348 1920 462 1960 quae
506 1908 684 1960 pietatis
714 1906 821 1948 suae
865 1908 911 1948 in
942 1921 1024 1948 nos
1054 1908 1253 1948 studium
1284 1920 1426 1959 nuper
1455 1907 1502 1946 in
1540 1906 1753 1958 primitijs

117 1974 164 2013 P.
193 1973 416 2013 Hermetis
445 1986 535 2014 non
565 1974 769 2014 obscuris
799 1974 980 2026 indiciJ's
1012 1974 1324 2025 patefecerunt.
1350 1972 1612 2013 Certabatur
1631 1971 1752 2012 enim

116 2039 162 2078 in
191 2039 481 2079 exornatione
511 2040 663 2080 sacelli
707 2040 864 2087 nostri,
900 2042 944 2079 vt
974 2040 1208 2079 honestius
1241 2039 1431 2090 primum
1462 2038 1546 2078 hoc
1575 2049 1751 2078 sacrum

119 2107 399 2156 perageretur
428 2107 456 2145 1.
491 2104 667 2157 [Preces
693 2108 896 2157 postulat
939 2108 996 2146 ad
1025 2119 1192 2146 novum
1223 2104 1431 2156 avmnm]

223 2171 486 2223 Ingolstadij
518 2172 581 2211 Ill
610 2171 829 2223 JanuariJ',
862 2184 980 2211 anno
1012 2171 1127 2212 1562.

225 2235 273 2276 T.
305 2235 356 2275 R.
390 2236 438 2275 P.
472 2236 688 2287 indignus
717 2236 839 2276 filius

1124 2325 1356 2366 GEORcius
1393 2324 1585 2365 CRISPUS
1615 2325 1645 2364 Β.

180 2546 190 2563 ¹
214 2545 266 2577 De
289 2544 359 2577 hac
382 2554 420 2578 re
443 2545 630 2578 scribebat
653 2545 690 2578 P.
716 2546 890 2587 Lanoyus
915 2547 949 2578 11
976 2545 1162 2578 Octobris:
1191 2558 1206 2574 «
1223 2545 1380 2577 Maestro
1404 2544 1569 2576 Hei-meti
1598 2543 1756 2576 volendo

118 2598 145 2630 il
167 2597 323 2639 Signore
360 2598 443 2631 dira
479 2599 514 2631 la
552 2608 622 2631 sua
658 2599 778 2640 prima
815 2609 937 2632 messa
974 2599 1071 2632 nella
1108 2599 1202 2631 festa
1239 2598 1276 2631 di
1315 2598 1402 2640 tuttj
1443 2598 1618 2630 santi»...
1647 2597 1756 2639 Apud

117 2651 431 2684 BRAUNSBERGER:
456 2652 500 2685 B.
526 2652 637 2685 Petri
664 2652 823 2685 Canisii
849 2652 987 2695 Epist..
1014 2652 1076 2691 III,
1101 2653 1174 2686 0244.

180 2706 193 2724 ²
215 2705 257 2737 In
280 2705 450 2747 catalogo
488 2706 633 2747 collegii
669 2706 920 2748 Oenipontani
945 2707 1026 2739 1565
1049 2706 1143 2747 (cod.
1172 2705 1301 2738 Germ.
1327 2705 1409 2738 131.
1435 2705 1458 2737 f.
1485 2705 1559 2745 199)
1583 2704 1674 2737 haec
1712 2704 1757 2737 de

118 2758 228 2800 epist.
253 2759 404 2791 auctore
427 2759 622 2792 dicuntur:
651 2772 667 2789 «
683 2759 721 2791 P.
747 2760 929 2802 Georgius
953 2759 1106 2801 Crispus
1132 2759 1278 2802 [Kraus]
1308 2758 1525 2791 Germanus.
1564 2757 1754 2791 Sacerdos.

118 2811 267 2844 Annum
291 2813 428 2844 aetatis
451 2813 530 2854 agit
554 2814 637 2845 29111
667 2813 863 2855 Ingressus
887 2814 944 2846 est
967 2813 1189 2846 Societatem
1214 2813 1305 2845 1555.
1331 2813 1426 2845 Vota
1449 2812 1566 2844 edidit
1583 2811 1757 2853 sequenti

119 2874 217 2897 anno
240 2866 279 2898 in
303 2866 398 2898 festo
421 2866 644 2899 Natiuitatis
669 2867 708 2899 B.
734 2868 915 2909 Virginis.
941 2868 1067 2900 Multis
1091 2868 1202 2900 annis
1226 2868 1351 2899 docuit
1386 2866 1624 2898 Rhetoricam
1647 2866 1684 2898 et
1706 2865 1758 2898 fa-

119 2918 295 2951 cultatem
318 2920 518 2952 oratoriam
544 2920 714 2962 aliasque
736 2921 878 2954 literas.
904 2921 1101 2954 Praeditus
1125 2922 1181 2953 est
1215 2921 1311 2953 dono
1334 2920 1580 2952 concionandi
1605 2920 1641 2952 et
1663 2919 1757 2951 bene

117 2973 269 3014 regendi
301 2973 554 3015 juuentutem.
594 2973 701 3007 Valet
737 2975 938 3016 prudentia
960 2976 996 3008 et
1027 2975 1104 3007 zelo
1127 2974 1369 3007 conuertendi
1407 2974 1553 3006 animas
1592 2973 1754 3009 Christo,

118 3025 247 3058 Posset
269 3035 354 3059 cum
376 3026 501 3060 fructu
527 3027 701 3060 Nouitios
724 3037 850 3070 regere
874 3029 911 3061 et
934 3029 973 3061 in
997 3028 1135 3070 spiritu
1168 3036 1397 3070 promouere.
1422 3027 1477 3060 Ad
1513 3027 1640 3060 studia
1663 3027 1757 3061 bene

118 3080 231 3121 aptus
253 3081 311 3113 est
326 3093 357 3113 ».
