2028 3531
511 295 591 332 527.
619 317 661 321 —
691 297 964 333 BELLOMONTE
994 296 1036 332 15
1063 296 1162 332 ΜΑΠ
1193 297 1274 332 1561
1601 297 1671 332 319

163 414 199 455 2.
231 414 357 454 Multi
388 426 440 454 ex
471 415 693 466 precipuis
723 415 859 455 huius
889 415 1121 466 municipij
1160 414 1364 465 personis
1400 414 1580 454 inuitati
1611 415 1717 454 boni

85 479 282 519 nominis
310 480 459 525 odore,
482 492 571 532 quo
600 480 741 520 nostri
763 480 1022 531 confessarij
1055 480 1174 531 apud
1195 492 1350 519 omnes
1381 480 1490 519 bene
1511 480 1716 527 audiunt,

84 556 138 584 ex
166 556 217 584 eo
246 544 366 596 quod
395 545 604 585 audiendi
637 545 941 585 confessiones
961 546 1155 585 officium
1180 547 1331 585 exacte
1355 547 1594 596 praestant,
1617 556 1720 584 con-

84 609 295 650 scientias
324 622 431 650 suas
453 611 645 662 pandere
674 613 717 650 et
745 611 895 662 gracia
915 611 1142 662 aperiendi
1167 613 1344 661 peccata
1363 622 1446 650 sua
1466 611 1519 649 ad
1542 612 1720 650 nostros

84 675 390 723 confluebant3
423 688 695 727 quamquam
727 676 919 727 primum
950 677 1006 715 ab
1035 688 1086 716 eo
1116 676 1266 715 studio
1296 675 1584 715 recessissent
1606 676 1719 715 falsa

84 741 277 792 quadam
320 742 610 791 persuasione
653 741 866 785 deterriti,
898 742 1017 793 quod
1060 741 1359 781 confessarios
1402 743 1578 781 nostros
1616 741 1719 791 plus

84 818 225 857 aequo
260 806 503 857 regidiores
545 808 765 857 putarent.
797 806 1029 847 Coeterum
1076 819 1190 847 vnus
1233 806 1416 858 quidam
1462 806 1576 846 inter
1605 806 1719 846 alios

83 872 296 912 intestino
328 874 522 912 nostram
555 872 819 912 Societatem
849 873 952 912 odio
989 874 1350 924 persequebatur,
1383 872 1445 912 ita
1474 874 1523 912 ut
1553 872 1719 912 iuraret

83 949 160 988 per
188 938 341 976 sancta
372 938 485 977 nihil
516 949 607 977 non
636 939 855 987 acturum,
887 950 976 989 quo
1007 950 1076 977 res
1106 940 1283 978 nostras
1326 937 1531 977 funditus
1570 937 1718 977 demo-

82 1002 261 1042 liretur:
295 1002 333 1042 is
363 1003 606 1054 aliquando
648 1003 801 1042 afflatu
846 1002 1040 1053 Spiritus
1083 1005 1289 1050 attactus,
1322 1003 1472 1043 subito
1502 1003 1548 1042 in
1579 1003 1719 1042 aliurn

82 1067 370 1114 convertitur,
402 1070 442 1107 et
473 1068 527 1107 ad
558 1069 739 1108 domum
770 1070 969 1108 nostram
1012 1081 1059 1108 se
1103 1069 1336 1119 recipiens,
1369 1069 1484 1108 facta
1518 1070 1719 1119 peccato-

82 1145 181 1172 rum
211 1133 504 1180 confessione,
539 1133 679 1173 nostri
711 1133 995 1174 vehementer
1023 1134 1255 1174 studiosus
1285 1134 1468 1174 effectus
1499 1136 1580 1174 est.

161 1199 200 1238 3.
234 1198 414 1238 Memini
446 1211 514 1238 me
546 1199 592 1238 in
622 1199 931 1250 superioribus
960 1200 1163 1251 epistolis
1193 1200 1248 1239 ad
1279 1202 1320 1239 te
1341 1200 1532 1240 scribere
1562 1213 1717 1252 quem-

82 1264 323 1304 admodum
382 1264 616 1304 occasione
663 1265 897 1304 cuiusdam
947 1265 1252 1316 magistratus,
1307 1277 1357 1305 ac
1405 1266 1719 1316 gubernatoris

82 1329 213 1369 nobis
243 1329 529 1369 uehementer
558 1330 738 1373 infensi,
771 1322 855 1381 qui*
879 1331 1158 1382 prouinciam
1191 1331 1321 1370 istam
1353 1333 1607 1382 susceperat
1638 1344 1718 1383 gu-

81 1395 370 1439 bernandam,
403 1396 699 1446 quorumdam
730 1396 1027 1447 opidanorum
1050 1396 1096 1436 in
1118 1408 1200 1436 nos
1221 1397 1422 1436 studium
1453 1409 1503 1436 ac
1533 1397 1718 1438 deuocio

81 1473 134 1501 ex
166 1463 286 1512 parte
317 1461 551 1508 refrixerit,
583 1462 658 1513 qui
682 1462 816 1501 etiam
846 1463 1176 1514 eleemosynam
1199 1463 1329 1503 nobis
1351 1464 1585 1503 annuatim
1615 1476 1718 1504 con-

81 1527 183 1566 ferri
215 1526 409 1573 solitam,
441 1527 631 1566 summis
662 1528 777 1567 votis
807 1528 1021 1578 impedire
1064 1529 1364 1568 contenderet.
1398 1529 1455 1568 Hi
1492 1541 1634 1580 nuper
1663 1530 1718 1570 ad

81 1593 311 1644 publicum
341 1593 495 1644 populi
527 1593 725 1644 regimen
755 1594 882 1633 asciti
916 1594 1137 1645 propicios
1167 1606 1262 1634 sese
1285 1595 1416 1634 nobis
1445 1596 1720 1636 demonstra-

81 1660 199 1703 runt,
231 1659 273 1697 et
303 1669 380 1708 per
408 1669 454 1697 se
484 1657 606 1708 ipsos
636 1658 1036 1698 extraordinariam
1066 1659 1394 1711 eleemosynam
1431 1660 1477 1699 in
1510 1661 1718 1711 paschate

80 1723 329 1762 dominicae
360 1723 712 1767 resurrectionis,
745 1736 798 1763 ex
828 1726 951 1775 parte
990 1727 1210 1765 rectorum
1255 1725 1409 1776 populi
1453 1726 1715 1766 attulerunt.

159 1789 198 1828 4.
233 1789 413 1828 Interim
444 1789 575 1828 etiam
610 1789 725 1828 inter
755 1790 982 1840 proximos
1011 1790 1273 1830 dissidentis
1308 1790 1446 1830 animi
1481 1792 1718 1832 consensio

79 1853 357 1893 conciliatur.
391 1853 637 1894 Conciones
667 1854 722 1893 ad
755 1855 970 1906 populum
1014 1855 1134 1895 domi
1178 1858 1220 1895 et
1264 1856 1311 1895 in
1346 1856 1533 1895 ecclesia
1564 1858 1717 1907 populi

79 1919 314 1965 habentur,
346 1921 389 1958 et
418 1919 465 1958 in
494 1920 861 1971 quadragessima
908 1921 1122 1965 crebrius,
1173 1924 1222 1961 ut
1270 1922 1457 1967 assolet;
1504 1922 1718 1963 lectiones

78 1983 210 2023 etiam
242 1995 355 2035 quas
384 1984 437 2023 de
468 1984 648 2023 casibus
678 1985 983 2024 conscienciae
1004 1986 1247 2037 appellant,
1272 1998 1435 2037 magno
1455 1987 1717 2028 clericorum

78 2061 314 2092 concursu.
347 2061 427 2089 nec
457 2050 619 2089 minori
650 2062 751 2090 cum
782 2050 941 2101 fructu,
973 2052 1349 2102 quemadmodum
1379 2064 1523 2103 spero.
1549 2053 1616 2092 Ad
1650 2066 1718 2105 po·

80 2114 210 2165 pulos
239 2114 373 2154 etiam
409 2115 581 2154 vicinos
624 2115 848 2155 interdum
892 2116 1018 2156 uerbi
1062 2117 1206 2156 diuini
1251 2117 1537 2168 praedicandi
1568 2119 1718 2170 gracia

79 2179 360 2227 diuertimus,
394 2180 439 2219 in
469 2180 635 2231 quibus
666 2180 778 2220 illud
823 2181 1059 2232 praecipue
1088 2184 1336 2222 memoratu
1379 2183 1565 2234 dignum
1598 2185 1718 2224 uide-

79 2247 166 2289 tur,
198 2245 318 2297 quod
348 2246 555 2285 nonnulli
587 2247 874 2297 simplicitate
895 2259 977 2287 sua
1020 2248 1356 2288 matrimonium
1387 2251 1715 2299 contraxerant,

79 2312 121 2350 et
151 2311 270 2350 haud
300 2318 319 2337 ἃ
340 2323 436 2350 sese
466 2311 628 2362 ligatos
660 2314 881 2363 putantes,
914 2313 969 2352 ad
997 2313 1119 2353 aliud
1156 2314 1507 2360 matrimonium,
1540 2318 1617 2355 aut
1656 2317 1718 2355 vi-

78 2377 149 2415 tae
180 2376 457 2427 propositum
488 2377 825 2428 suscipiendum
856 2379 1152 2426 anhelabant;
1186 2380 1242 2419 ab
1272 2392 1418 2419 errore
1445 2382 1639 2421 reuocati
1661 2383 1717 2422 ad

80 2441 228 2492 priora
258 2444 364 2481 uota
394 2442 664 2494 migraturos
694 2455 790 2483 sese
820 2444 991 2494 policiti
1022 2447 1139 2485 sunt.
1171 2445 1234 2485 Ex
1277 2446 1349 2485 his
1392 2446 1523 2486 etiam
1570 2448 1717 2498 opidis

79 2518 214 2546 causa
257 2507 531 2558 suscipiendi
575 2520 709 2559 super
747 2509 885 2549 dubia
927 2510 1103 2561 consilij
1150 2511 1391 2551 confluitur
1433 2512 1488 2551 ad
1527 2525 1624 2560 nos,
1675 2515 1717 2553 et

78 2572 384 2612 confessiones
414 2573 548 2612 etiam
580 2573 795 2615 faciendi:
845 2575 1012 2626 quibus
1042 2587 1094 2615 ex
1125 2577 1258 2616 rebus
1288 2589 1379 2616 non
1423 2589 1579 2628 parum
1621 2590 1717 2629 pro-

79 2637 212 2677 ximis
241 2638 531 2678 emolumenti
554 2639 863 2689 proficiscitur,
887 2643 928 2680 et
950 2640 996 2680 in
1018 2641 1113 2681 suis
1136 2642 1280 2682 honor
1310 2642 1487 2682 Christo
1519 2646 1713 2694 paratur.

79 2702 307 2742 Elementa
364 2703 591 2744 doctrinae
652 2705 923 2745 christianae
982 2706 1028 2746 in
1086 2708 1281 2759 graciam
1340 2720 1579 2759 puerorum
1633 2711 1717 2749 tra-

78 2767 247 2808 duntur
267 2767 285 2794 b
316 2769 507 2820 publice,
543 2770 602 2808 vti
634 2770 727 2809 fieri
759 2771 938 2815 assolet,
972 2772 1018 2811 in
1049 2775 1201 2812 nostra
1232 2773 1464 2814 Societate.

158 2834 196 2873 5.
221 2834 452 2874 Scolastici
474 2837 627 2874 nostra
648 2836 884 2886 gymnasia
912 2837 1246 2889 frequentantes
1276 2839 1323 2878 in
1354 2840 1449 2879 dies
1478 2840 1717 2891 proficiunt

80 2897 126 2937 in
156 2899 340 2947 melius,
373 2899 526 2939 literas
556 2912 643 2939 vna
673 2912 773 2940 cum
805 2902 1024 2952 probitate
1054 2915 1104 2942 ac
1133 2904 1378 2944 deuocione
1408 2905 1712 2956 coniungunt;

141 3095 159 3114 a
179 3088 246 3119 aut
269 3097 340 3120 ms.
365 3107 406 3111 —
430 3088 447 3115 b
468 3089 632 3121 traditur
655 3099 727 3123 ms.
