2028 3531
492 277 572 315 575.
599 299 644 304 -
669 276 868 315 Tnnvfflis
893 277 916 314 4
942 278 1199 315 SEPTEMBms
1228 279 1315 315 1561
1604 279 1674 316 529

849 531 962 582 575

486 685 541 736 Ρ.
599 685 1000 737 AEGIDIUS
1063 685 1333 736 FABER

563 835 754 861 Tanlms
779 825 803 860 4
827 834 1077 861 SEPTEMBRIS
1106 825 1194 860 1561
1221 825 1246 862 1.

87 961 125 996 1.
155 956 389 996 Sociorum
418 969 639 996 numerus
668 959 706 997 et
737 958 916 996 classes.
945 979 994 983 —
1018 961 1060 996 2.
1081 957 1284 997 Admissi
1315 958 1372 997 ad
1397 958 1721 1008 probationem.

197 1023 469 1073 Aliquorum
498 1024 767 1062 constantia.
799 1045 849 1049 -—
881 1027 922 1062 3.
953 1023 1183 1073 Religiosa
1215 1023 1472 1074 disciplina.
1503 1046 1552 1050 —
1581 1027 1625 1062 4.
1647 1024 1724 1062 In-

196 1089 398 1127 dustriae
428 1089 486 1127 ad
526 1090 835 1139 germanicam
882 1089 1088 1139 linguam
1133 1089 1453 1128 addiscendam
1488 1090 1723 1129 adhibitae.

194 1158 291 1193 5-6.
335 1153 714 1194 Scholasticorum
756 1166 989 1193 numerus.
1026 1153 1263 1193 Convictus
1294 1155 1592 1194 desideratur.
1627 1156 1724 1194 Lit-

197 1220 392 1259 terariae
438 1221 791 1259 exercitationes.
847 1219 1052 1270 Catalogyi
1100 1220 1340 1259 lectionum
1382 1234 1465 1271 per
1521 1221 1725 1260 diversas

189 1286 453 1335 provincias
482 1287 780 1335 sparyuntur.
814 1285 1044 1335 Religiosa
1074 1285 1369 1324 alumnorum
1399 1287 1641 1325 institutio.
1680 1309 1724 1313 —

199 1354 290 1389 7-9.
325 1349 562 1390 Contiones
603 1352 653 1389 in
697 1351 890 1389 diversis
934 1350 1124 1401 templis.
1167 1351 1404 1390 Excursus
1435 1352 1492 1390 ad
1525 1353 1725 1391 vicinum

189 1428 375 1466 pagum.
419 1416 646 1455 Laborum
688 1416 880 1464 fructus.
929 1416 1174 1463 Quaeritur
1218 1417 1432 1466 templum
1467 1417 1724 1467 appositum

195 1480 419 1520 Societati.
452 1503 500 1507 —
529 1485 599 1520 10.
630 1482 698 1520 Eae
728 1481 904 1520 dissitis
937 1482 1043 1520 locis
1075 1482 1131 1520 ad
1161 1482 1342 1521 nostros
1372 1483 1553 1521 consilii
1586 1495 1724 1521 causa

194 1547 496 1585 concurritur.
530 1568 579 1573 -
608 1550 749 1585 11-12.
784 1546 908 1585 Cives
938 1548 1064 1585 varie
1093 1559 1199 1597 erya
1230 1548 1373 1586 socios
1404 1547 1560 1596 affecti.

170 1683 205 1722 1.
238 1682 391 1723 Gratia
432 1685 475 1722 et
518 1695 603 1734 pax
646 1683 746 1724 Dni.
791 1682 933 1722 nostri
976 1683 1034 1723 sit
1077 1683 1312 1723 nobiscum
1343 1695 1531 1735 semper.
1564 1684 1721 1725 Amen.

90 1747 316 1801 [Breviter
361 1762 407 1788 se
453 1750 734 1800 scripturum
783 1748 926 1800 dicit]
959 1748 1104 1800 Atque
1143 1750 1187 1788 vt
1233 1749 1289 1788 ab
1332 1748 1404 1800 ijs,
1450 1761 1564 1800 quae
1607 1749 1724 1789 intra

87 1813 354 1853 domesticos
398 1814 587 1865 parietes
630 1816 728 1854 acta
758 1816 877 1861 sunt,
923 1813 1223 1861 exordiamur,
1255 1816 1415 1854 auctus
1458 1816 1524 1854 est
1552 1822 1571 1841 a
1604 1827 1725 1855 noua

87 1879 340 1919 accessione
369 1881 620 1919 nostrorum
645 1891 872 1927 numerus,
897 1881 943 1919 vt
963 1891 1083 1919 nunc
1102 1879 1288 1919 omnino
1318 1879 1400 1919 XX
1430 1880 1503 1919 hic
1523 1892 1722 1932 agamus.

89 1944 209 1984 Inter
238 1944 320 1984 hos
350 1944 410 1983 XI
441 1945 715 1992 sacerdotes;
748 1944 908 1996 reliqui
942 1945 1008 1984 Vel
1040 1947 1358 1996 praeceptores,
1394 1945 1461 1984 vel
1481 1945 1722 1993 scholares,

87 2009 158 2049 vel
187 2009 468 2050 coadiutores
497 2010 786 2061 temporales;
819 2012 862 2050 et
891 2010 936 2049 in
967 2022 1050 2049 sua
1079 2010 1270 2061 quisque
1305 2010 1534 2050 functione
1569 2011 1725 2062 gnaui-

90 2077 154 2114 ter
183 2076 398 2123 versatur,
437 2075 509 2126 pia
537 2075 746 2126 quadam,
792 2077 834 2115 et
863 2075 932 2114 vel
963 2075 1173 2115 omnibus
1216 2076 1484 2115 aemulanda
1531 2076 1726 2116 aemula-

88 2139 208 2180 tione
237 2140 373 2187 ducti,
406 2152 460 2180 ne
490 2140 592 2191 quis
622 2141 668 2180 in
700 2141 962 2181 muneribus
991 2141 1077 2180 sibi
1108 2141 1329 2181 obeundis
1365 2141 1554 2181 libenter
1596 2141 1724 2181 alteri

88 2206 229 2246 cedat.

167 2272 206 2312 2.
239 2271 308 2312 Ad
343 2272 666 2323 probationem,
698 2285 786 2323 qua
821 2272 1019 2312 Societas
1063 2274 1215 2312 nostra
1263 2273 1323 2312 vti
1368 2273 1493 2323 solet,
1539 2273 1724 2313 admissi

88 2340 194 2377 sunt
225 2339 395 2389 praeter
423 2338 536 2377 duos
574 2338 825 2377 sacerdotes
854 2338 1012 2389 gallos,
1044 2338 1133 2378 duo
1178 2339 1365 2378 iuuenes
1409 2337 1595 2378 Colonia
1638 2339 1725 2378 huc

88 2403 230 2451 missi,
275 2403 386 2442 alter
428 2402 589 2442 artium
636 2403 861 2454 magister,
893 2403 1005 2443 alter
1038 2403 1204 2455 logIces
1251 2403 1442 2444 auditor.
1473 2404 1571 2443 Duo
1619 2403 1724 2443 item

87 2468 381 2516 coadiutores,
414 2480 502 2508 non
535 2468 632 2508 sine
661 2480 852 2516 summo,
885 2471 929 2508 vt
960 2481 1207 2520 speramus,
1246 2471 1288 2509 et
1319 2469 1479 2517 fructu,
1511 2470 1554 2509 et
1593 2469 1726 2508 inter-

88 2546 144 2574 na
174 2534 372 2574 omnium
405 2534 724 2574 consolatione.
758 2534 1028 2574 Exercentur
1056 2535 1190 2574 etiam
1222 2535 1268 2574 in
1302 2535 1536 2575 vilioribus
1565 2534 1725 2574 demis-

87 2599 372 2651 sioribusque
391 2599 629 2651 exercitijs,
661 2611 762 2639 cum
791 2612 947 2639 omnes
976 2612 1029 2640 ex
1063 2612 1221 2651 aequo,
1252 2602 1348 2640 tum
1370 2600 1561 2640 maxime
1582 2612 1725 2640 sacer-

87 2664 214 2704 dotes
241 2664 318 2716 qui
349 2677 430 2704 suo
460 2665 662 2715 exemplo
692 2665 858 2705 multos
891 2667 933 2705 et
963 2665 1169 2705 alliciunt
1189 2667 1231 2705 et
1260 2666 1471 2706 inuitant.
1497 2665 1529 2704 E
1559 2665 1725 2717 quibus

150 2832 168 2851 a
189 2824 271 2857 Del.
296 2834 486 2857 numerus.

150 2975 161 2992 ¹
184 2973 236 3005 Ex
259 2973 474 3015 apographo
498 2983 632 3006 coaevo
656 2974 695 3006 in
719 2974 797 3007 cod.
827 2974 956 3007 Germ.
982 2974 1066 3011 139,
1091 2974 1127 3008 ff.
1152 2975 1267 3010 95-97:
1304 2975 1410 3016 prius
1443 2974 1551 3007 93-95.
1589 2974 1723 3015 Magna

88 3027 170 3059 eius
194 3036 279 3069 pars
302 3028 403 3060 edita
418 3028 473 3060 est
491 3028 537 3060 ab
560 3028 986 3069 HANSEN('Rheiniscl1e
1010 3028 1174 3061 Akten...
1199 3029 1350 3068 uzol-405)
1374 3038 1418 3060 ex
1435 3028 1601 3069 exemplo
1624 3028 1723 3069 quod

89 3080 212 3113 exstat
235 3080 421 3114 Coloniae.

161 3169 323 3198 Ll'r'mxum
343 3169 621 3204 QUADRmnswmis.
644 3187 676 3191 —
696 3169 777 3199 Tou.
799 3169 867 3198 VII.
1619 3171 1653 3198 34
