2028 3531
494 282 574 318 584.
603 304 646 308 —
672 282 893 319 TYRNAVIA
918 281 965 318 30
991 281 1248 318 SEPTEMBms
1276 282 1364 318 1561
1633 284 1703 320 579

116 401 336 449 ciuitates,
359 401 434 441 vbi
455 403 519 441 tot
539 403 751 453 tantaque
774 401 892 441 Deus
912 412 990 452 per
1014 400 1252 441 Societatis
1282 401 1487 441 homines
1516 404 1746 453 operatum

116 466 154 506 si
185 466 295 506 forte
324 468 367 506 et
396 466 526 506 nobis
555 466 747 506 aliorum
776 466 1109 517 comparatione
1147 466 1278 517 quasi
1308 466 1531 506 desidiose
1561 466 1750 507 viuenti-

114 532 199 571 bus
218 531 385 571 similia
405 543 634 582 capessere
655 532 857 572 daretur:
890 531 1007 583 quod
1040 533 1220 571 sanctae
1249 531 1529 572 obedientiae
1550 531 1750 572 iussione

114 596 261 637 cuiuis
290 599 545 636 nostrorum
575 597 845 648 sperandum
870 599 951 644 est,
974 599 1016 636 et
1036 596 1089 636 de
1110 596 1275 637 Christi
1311 597 1586 648 benignitate
1615 597 1751 637 fiden-

114 662 236 709 dum,
268 661 306 701 si
337 661 382 701 id
412 662 480 701 vel
511 662 642 702 nobis
673 662 740 701 vel
770 661 981 702 ecclesiae
1002 674 1110 702 suae
1131 665 1310 702 sanctae
1332 662 1572 713 expediens
1603 662 1748 714 fuerit,

114 727 172 766 sit
201 737 513 766 concessurus.
546 727 605 767 Ut
634 727 811 767 interim
842 726 922 767 Dei
952 727 1109 778 optimi
1134 727 1315 767 maximi
1345 727 1514 778 gloriae
1543 735 1562 753 ἢ
1594 728 1750 768 redda-

117 804 214 831 mur
255 791 600 842 amplificatores
642 792 802 840 seduli,
848 791 904 832 ad
944 792 994 832 R.
1029 792 1077 832 P.
1111 794 1233 832 tuam
1276 792 1574 844 confugimus,
1620 792 1750 833 cuius

112 856 410 897 sanctissimis
441 857 672 910 sacrificiJ's
701 859 744 897 et
773 857 1054 897 orationibus
1096 857 1239 897 adiuti
1284 859 1496 909 putamus
1543 870 1670 909 posse
1709 860 1751 898 et

112 922 230 973 quod
262 922 402 962 nostri
433 922 568 974 officij
600 925 666 962 est
700 925 940 974 praestare,
973 925 1014 962 et
1044 922 1248 962 diuinam
1293 923 1426 962 nobis
1468 923 1749 963 clementiam

113 987 351 1039 propitiam
382 988 577 1029 reddere.
611 988 844 1028 Montillae
892 988 1034 1040 pridie
1077 987 1303 1029 Kalendas
1332 987 1551 1029 Octobris.
1584 988 1752 1030 Comis-

113 1053 239 1093 sione
269 1053 317 1094 P.
351 1054 402 1093 R.
436 1055 464 1093 ¹.

219 1119 271 1159 R.
305 1119 353 1159 P.
386 1118 435 1159 T.
468 1118 686 1171 indignus
715 1131 876 1160 seruus
905 1119 952 1159 in
984 1119 1115 1160 Chro.

1561 1175 1591 1226 ψ

1447 1227 1652 1269 RAMI'REZ
1681 1230 1714 1271 ².

218 1282 478 1332 Inscriptio.

216 1357 549 1408 Quadrimestre
569 1358 622 1398 de
644 1358 847 1398 Montilla
878 1357 931 1397 de
962 1358 1132 1409 Agosto
1163 1358 1181 1384 ¹³
1213 1359 1267 1399 de
1298 1359 1397 1398 1561
1430 1361 1542 1399 anos
1570 1371 1677 1411 para
1706 1360 1750 1400 la

112 1423 351 1463 Prouincia
380 1424 433 1464 de
464 1431 479 1450 ⁰
500 1424 656 1464 Roma.

907 1625 1021 1675 584

561 1773 773 1800 TYRNAVIA
799 1762 845 1799 30
871 1773 1122 1800 SEPTEMBms
1152 1763 1239 1799 1561
1267 1763 1293 1800 3.

113 1884 434 1934 Tyrnaviensis
464 1884 641 1934 collegii
683 1884 834 1923 initia.
876 1884 1004 1923 Urbis
1033 1885 1165 1931 situs,
1199 1885 1437 1935 religionis
1474 1886 1637 1926 status.
1667 1887 1749 1926 Pe-

215 1951 351 1989 cunia
380 1950 438 1989 ad
468 1950 720 1999 aedificium
746 1950 925 1989 collata.
957 1951 1110 1990 Primi
1142 1950 1314 1989 labores
1342 1953 1584 1992 sociorum.

190 2074 226 2113 1.
261 2074 351 2113 Pax
381 2073 546 2114 Christi
577 2075 658 2114 etc.
692 2074 841 2113 Pauca
870 2074 923 2113 de
945 2074 1121 2126 collegij
1145 2074 1285 2114 nostri
1310 2075 1543 2127 principijs
1560 2075 1749 2115 dicenda

107 2140 228 2185 sunt,
261 2139 368 2178 Rde.
401 2139 643 2178 admodum
674 2138 720 2178 in
751 2138 928 2179 Christo
960 2140 1104 2187 Pater,
1136 2152 1250 2191 quae
1294 2140 1451 2179 diuina
1498 2140 1748 2191 opitulante

107 2204 248 2256 gratia
279 2205 335 2244 ab
366 2204 566 2256 indignis
596 2204 702 2256 filijs
723 2204 812 2244 tuis
834 2204 1073 2245 Tirnauiae
1094 2204 1113 2231 d
1135 2205 1256 2245 hisce
1280 2205 1495 2256 proximis
1516 2205 1747 2246 mensibus

106 2271 229 2320 gesta
259 2271 379 2309 sunt.
413 2269 477 2309 Ad
511 2270 536 2308 9
564 2270 646 2309 cal.
681 2270 782 2321 Maij
836 2271 985 2310 vrbem
1034 2270 1200 2310 inuecti
1249 2282 1430 2319 sumus;
1472 2283 1523 2310 ac
1553 2270 1747 2322 primum

106 2334 283 2386 quidem
318 2335 364 2374 in
395 2335 478 2374 hoc
508 2334 605 2375 R.¹¹¹i
646 2335 970 2386 archiepiscopi
1000 2335 1331 2387 strigoniensis,
1382 2338 1475 2376 tum
1513 2348 1615 2376 vero
1654 2348 1749 2376 cae-

107 2411 258 2440 sareae
288 2400 391 2440 mai.
426 2400 498 2451 pio
528 2400 749 2440 desiderio
780 2408 795 2427 θ
830 2401 1016 2441 fecimus
1046 2400 1170 2441 satis.
1205 2401 1299 2441 Sita
1328 2403 1391 2441 est
1429 2401 1538 2441 haec
1585 2401 1748 2441 ciuitas

107 2464 153 2504 in
184 2477 340 2516 campo
389 2466 652 2517 planissimo
699 2468 854 2506 contra
902 2466 1088 2506 Turcam
1139 2466 1215 2518 qui
1265 2466 1371 2506 huic
1401 2466 1572 2518 regioni
1602 2466 1747 2518 quoti-

167 2610 185 2628 a
207 2601 347 2642 gloriae
369 2610 497 2643 supra
514 2611 616 2634 vers.
641 2621 682 2624 —
705 2602 723 2629 b
744 2601 839 2634 Alia
866 2612 990 2634 mann
1013 2611 1141 2644 supra
1157 2611 1260 2635 vers.
1286 2602 1413 2636 Octol).
1438 2621 1478 2625 —
1502 2611 1517 2630 e
1538 2602 1620 2636 Del.
1635 2602 1747 2635 Fran-

104 2654 174 2694 cia.
198 2673 238 2677 —
260 2654 279 2681 d
301 2654 349 2686 In
374 2664 500 2696 marg.
528 2663 651 2687 manu
676 2654 718 2687 P.
745 2655 879 2687 Rethii
901 2655 1083 2688 Tirnauia
1113 2656 1252 2688 ciuitas
1288 2655 1516 2697 Hungariae.
1548 2674 1588 2679 —-
1612 2664 1628 2683 e
1650 2655 1745 2689 add.

105 2707 151 2740 in
173 2717 301 2749 mai-9.
326 2717 451 2741 manu
475 2708 518 2741 P.
543 2708 678 2740 thhii
701 2717 744 2741 ac
769 2708 967 2741 voluntati.

168 2835 179 2852 ¹
202 2833 239 2865 P.
264 2833 422 2865 Ioannes
446 2833 597 2865 Alcaide
622 2833 673 2866 Cf.
698 2833 794 2866 Litt.
825 2833 1031 2873 Quadrima.
1057 2834 1118 2874 VI,
1146 2835 1219 2867 678.

167 2889 179 2906 2
202 2886 254 2919 Cf.
279 2887 373 2919 Litt.
403 2887 610 2927 Quadi-im.
636 2887 696 2927 VI,
722 2888 800 2923 710:
825 2887 992 2920 eiusdem
1016 2888 1116 2920 enim
1143 2889 1199 2920 est
1223 2888 1463 2929 subscriptio.

167 2942 180 2960 ³
202 2940 255 2972 Ex
278 2949 404 2982 apogr.
441 2949 576 2972 coaevo
599 2941 695 2980 (sine
719 2940 884 2973 auctoris
919 2941 1084 2981 nomine)
1118 2941 1217 2982 quod
1251 2942 1374 2974 exstat
1409 2941 1584 2974 Coloniae
1617 2942 1657 2974 in
1691 2950 1746 2973 ar-

106 2993 215 3026 chivo
252 3007 267 3022 «
293 2993 346 3026 st.
371 2993 487 3025 Maria
511 3012 550 3015 —
574 2993 835 3025 Himmelfahrt
852 3006 867 3022 »
894 2994 933 3025 in
964 2994 1042 3026 cod.
1073 2993 1114 3027 A.
1140 2994 1174 3026 II
1196 2994 1248 3028 62.
1273 2994 1308 3027 ff.
1335 2994 1482 3026 133-134.
1515 2993 1583 3026 His
1607 2994 1746 3026 litteris

106 3046 373 3079 confirmantur
395 3056 439 3079 ea
461 3056 558 3088 quae
580 3047 760 3079 dicuntur
782 3047 821 3078 in
845 3047 983 3079 litteris
1006 3048 1277 3080 viennensibus
1300 3048 1360 3080 die
1382 3048 1502 3090 primo
1526 3047 1746 3080 Settembris

106 3100 218 3132 datis.
242 3099 336 3133 Vide
360 3109 441 3142 sup.
466 3109 500 3142 p.
524 3100 597 3140 505,
621 3100 770 3133 508-509.
