2028 3531
614 286 694 322 471.
724 307 769 310 —
796 284 940 320 PRAGA
974 284 1008 318 tl
1040 282 1232 318 lANuAmi
1265 283 1349 317 1561
1704 282 1751 315 453

162 406 407 452 confirmet,
441 407 624 444 matrem
654 405 899 446 conuertat,
932 414 981 441 ac
1012 401 1189 441 tandem
1239 400 1389 440 omnia
1438 400 1492 439 ad
1541 412 1666 439 suam
1708 399 1798 449 glo-

167 471 275 510 riam
296 478 312 496 ἃ
344 472 385 510 et
416 473 612 509 nostram
644 469 925 519 aliorumque
955 467 1143 507 salutem
1176 466 1392 506 foeliciter
1420 465 1597 516 dirigat.

242 537 280 576 3
312 535 499 575 Scholae
530 537 707 574 nostrae
737 533 960 584 profectus
991 532 1036 571 in
1067 544 1118 571 eo
1148 531 1431 583 potissimum
1470 532 1653 581 apparet
1682 530 1800 580 quod

158 612 255 641 ‘non
298 601 444 640 solum
489 601 577 640 iam
621 598 810 639 studiosi
855 598 1082 638 consuetis
1126 596 1521 637 exercitationibus
1551 598 1592 635 et
1621 594 1799 645 studijs,

163 678 297 718 quam
327 668 473 710 antea,
506 665 667 705 melius
696 664 989 707 satisfaciant,
1022 675 1177 703 uerum
1213 662 1345 702 etiam
1390 673 1441 701 eo
1484 660 1706 712 progressi
1740 660 1802 699 ui-

163 731 367 773 deantur.
400 733 447 770 ut
477 733 681 782 poemata
711 742 793 769 suo
823 729 960 769 Marte
998 740 1277 780 componere.
1311 727 1575 779 publiceque
1619 725 1802 765 recitare

165 796 350 846 possint.
386 796 434 835 ld
465 796 510 835 in
543 795 665 846 t‘erijs
687 794 704 820 b
735 794 954 844 natalitijs
992 793 1194 844 exemplo
1238 793 1473 844 probatum
1509 793 1589 837 est,
1622 789 1802 841 quando

164 863 336 911 praeter
364 860 618 899 communia
649 858 908 899 Natiuitatis
939 858 1117 897 Domini
1150 870 1199 897 ac
1229 859 1485 897 sanctorum
1516 854 1731 906 Stephani
1762 856 1803 893 et

167 926 347 965 loannis
376 925 593 970 encomia,
631 927 867 964 uenustam
911 924 1133 974 quandam
1182 935 1261 962 nec
1304 922 1527 962 indoctam
1568 921 1803 971 eclogamC

162 992 216 1030 de
246 991 584 1038 Bethlehemitis
616 990 885 1041 pastoribus,
919 1001 1008 1029 non
1041 989 1210 1028 minore
1236 987 1500 1039 frequentia,
1524 998 1658 1038 quam
1679 986 1803 1025 audi-

165 1060 307 1097 torum
340 1057 561 1108 applausu
592 1057 906 1096 exhibuerunt.
940 1055 1079 1096 Cuius
1100 1055 1280 1106 quidem
1311 1053 1643 1094 exercitationis
1670 1052 1803 1092 foelix

162 1125 367 1165 euentus.
399 1134 499 1162 cum
530 1123 585 1162 ad
616 1122 730 1161 alios
759 1122 835 1173 qui
867 1121 1117 1162 abfuerant.
1141 1133 1284 1171 neque
1321 1131 1486 1171 paruae
1516 1117 1804 1158 authoritatis

164 1188 383 1235 homines,
415 1188 698 1239 quorundam
730 1188 872 1227 relatu
903 1186 1194 1238 peruenisset.
1220 1186 1506 1225 uehementer
1535 1183 1801 1234 cupiuerunt

164 1254 230 1293 illi
262 1265 407 1293 rerum
437 1265 590 1293 earum
621 1253 708 1292 sibi
739 1253 913 1303 copiam
944 1252 1053 1294 fieri.
1077 1264 1166 1303 quo
1197 1251 1306 1291 illud
1340 1250 1568 1290 absentiae
1589 1249 1801 1288 damnum

164 1319 352 1358 lectione
383 1319 539 1358 saltem
571 1318 822 1358 instaurare
857 1320 1052 1368 possent.
1084 1316 1240 1368 Neque
1284 1316 1433 1355 minus
1475 1315 1608 1354 etiam
1649 1314 1804 1353 iuuen-

163 1386 236 1424 tus
266 1387 416 1424 nostra
448 1384 610 1435 pietate
639 1395 772 1435 quam
806 1383 948 1422 literis
994 1384 1296 1433 promouetur.
1328 1393 1427 1421 eum
1474 1381 1561 1420 iam
1601 1379 1800 1431 quidam,

164 1450 422 1500 praesertim
453 1449 714 1496 adultiores,
747 1448 986 1500 aliquoties
1017 1448 1063 1487 in
1095 1459 1245 1487 mense
1266 1447 1467 1487 confiteri
1498 1446 1686 1491 soleant,
1709 1444 1805 1496 qui-

163 1515 247 1554 bus
277 1516 407 1554 antea
437 1514 631 1565 singulis
662 1513 893 1553 mensibus
923 1513 1059 1552 semel
1098 1512 1298 1552 confiteri
1344 1523 1510 1551 nouum
1543 1522 1592 1549 ac
1623 1509 1804 1549 difficile

164 1579 416 1620 uidebatur.

244 1646 283 1685 4.
317 1645 439 1696 Quae
470 1657 575 1685 uero
606 1647 807 1696 spectant
838 1645 892 1684 ad
923 1645 1090 1684 cultum
1128 1644 1336 1684 diuinum
1380 1655 1430 1682 ac
1473 1641 1627 1693 templi
1674 1641 1805 1680 ratio-

164 1723 280 1759 nem,
304 1711 349 1750 in
371 1711 467 1751 dies
488 1711 728 1762 plurimum
762 1710 973 1750 uidentur
998 1710 1148 1749 omnia
1169 1721 1375 1749 crescere.
1406 1709 1517 1748 Nam
1548 1707 1804 1747 auditorum

163 1788 376 1816 numerus
407 1788 483 1828 per
512 1776 684 1828 aliquot
714 1775 803 1815 iam
834 1787 1009 1815 menses
1040 1775 1085 1814 in
1106 1774 1401 1815 concionibus
1432 1773 1671 1825 plurimum
1700 1783 1805 1811 auc-

162 1844 235 1882 tus
263 1844 343 1889 est.
375 1844 417 1882 et
446 1842 513 1881 illi
543 1842 619 1893 qui
651 1841 856 1883 ueniunt.
888 1853 1030 1887 sacro,
1067 1841 1182 1892 quod
1217 1840 1386 1891 alioqui
1433 1851 1523 1879 non
1562 1838 1803 1878 admodum

161 1910 334 1950 curant.
366 1908 507 1959 gratia
538 1907 768 1947 concionis
798 1907 988 1946 libenter
1018 1907 1254 1946 intersunt.
1289 1905 1515 1956 Quaedam
1543 1904 1676 1944 etiam
1707 1914 1803 1954 per-

162 1986 298 2013 sonae
327 1974 514 2013 deuotae
558 1975 731 2024 praeter
773 1973 1062 2024 quotidianas
1104 1972 1329 2014 candelas
1363 1982 1657 2021 nonunquam
1700 1969 1805 2009 offe—

163 2041 265 2079 runt
296 2039 499 2086 donaria.
531 2039 698 2090 quibus
728 2040 945 2078 ornentur
987 2038 1162 2078 altaria.
1197 2038 1245 2076 Et
1281 2037 1492 2088 quamuis
1536 2035 1641 2075 huie
1684 2034 1803 2086 genti

162 2116 329 2144 nouum
362 2116 441 2144 nec
472 2104 603 2144 ualde
626 2104 926 2143 necessarium
960 2103 1165 2143 uideatur
1187 2102 1480 2154 frequentius,
1503 2113 1638 2152 quam
1668 2100 1804 2140 semel

163 2170 209 2209 in
239 2182 373 2218 anno,
405 2170 621 2213 confiteri.
654 2170 726 2209 his
756 2171 904 2209 tamen
936 2169 1108 2208 ultimis
1138 2171 1332 2220 quatuor
1362 2167 1593 2207 mensibus
1631 2166 1806 2206 circiter

165 2236 241 2276 100
269 2236 530 2276 confitentes
560 2236 818 2283 habuimus,
852 2236 967 2274 inter
996 2247 1110 2286 quos
1139 2234 1365 2274 lutherani
1396 2234 1435 2280 5,
1468 2233 1673 2273 abiurata
1703 2233 1805 2272 hae—

163 2302 265 2343 resi.
297 2302 427 2341 fidem
458 2301 723 2341 catholicam
755 2301 947 2351 amplexi
984 2302 1105 2349 sunt,
1137 2302 1177 2340 et
1209 2300 1232 2339 Q
1263 2299 1339 2351 qui
1384 2299 1481 2338 sine
1523 2298 1805 2338 confessione

163 2368 247 2407 snb
278 2379 367 2407 una
401 2367 546 2418 specie
594 2366 924 2406 communicare
971 2366 1191 2413 solebant.
1223 2377 1270 2405 se
1300 2365 1487 2416 posthac
1534 2376 1625 2404 non
1674 2363 1805 2403 modo

163 2433 447 2472 confessuros
491 2435 594 2472 ante
625 2432 1003 2472 communionem.
1037 2431 1111 2471 sed
1143 2433 1185 2470 et
1215 2430 1493 2482 frequentius
1521 2430 1806 2469 confessuros

164 2498 488 2549 promiserunt:
521 2500 563 2538 et
592 2498 775 2549 quidam
806 2497 881 2548 alij
916 2497 992 2549 qui
1025 2497 1179 2537 multis
1203 2496 1337 2536 annis
1366 2496 1557 2536 confessi
1589 2507 1679 2534 non
1711 2496 1803 2534 fue-

164 2566 278 2613 rant,
312 2564 474 2604 rectius
504 2564 643 2604 uitam
675 2576 803 2603 suam
835 2563 1141 2604 instituerunt.
1174 2562 1406 2603 Caeterum
1451 2562 1524 2601 hic
1567 2561 1805 2613 praeterire

163 2641 335 2680 nequeo
365 2629 586 2681 quendam
619 2629 1029 2680 Witenbergensem
1052 2628 1085 2676 d,
1118 2629 1300 2668 doctum
1343 2630 1385 2668 et
1429 2627 1652 2678 insignem
1683 2626 1806 2666 inue-

164 2705 280 2742 nem,
312 2694 389 2746 qui
420 2694 466 2734 in
501 2706 675 2734 summa
720 2694 992 2734 constitutus
1036 2694 1204 2745 inopia,
1251 2693 1465 2745 petendae
1508 2692 1804 2732 eleemosinae

163 2771 298 2799 causa
327 2760 565 2811 collegium
598 2762 801 2800 nostrum
831 2760 965 2811 adijt;
1000 2760 1075 2800 uhi
1108 2762 1291 2811 rogatus
1311 2760 1437 2799 cuias
1466 2760 1609 2798 esset?
1639 2770 1685 2798 se
1716 2770 1805 2797 mo-

164 2824 503 2875 guntinensem:
523 2837 581 2864 an
598 2827 716 2864 esset
738 2824 783 2864 in
803 2825 1005 2876 proxima
1022 2825 1367 2876 quadragesima
1388 2824 1647 2864 confessus?
1670 2823 1805 2862 Maxi-

164 2901 255 2936 me;
297 2901 355 2929 an
403 2891 741 2930 lutheranorum
791 2890 930 2930 libros
978 2891 1189 2941 legisset?
1218 2890 1526 2941 Nequaquam.
1559 2888 1801 2940 respondit.

225 3038 243 3057 a
265 3030 421 3071 gloriam
444 3030 489 3061 in
514 3039 641 3071 fleury.
666 3049 706 3053 —
730 3031 748 3057 1)
769 3030 872 3071 ferijs
896 3040 1021 3072 supra
1051 3040 1150 3063 serg.
1176 3049 1215 3052 —
1240 3039 1253 3056 c
1278 3030 1437 3063 Emewd.
1474 3040 1521 3062 θ]-
1555 3030 1735 3071 eglogam.
1765 3048 1804 3051 —

139 3102 142 3105 -
163 3082 183 3110 d
203 3082 298 3116 Litt.
324 3083 400 3115 ber.
426 3093 553 3124 supra
579 3092 678 3116 vers.
