2028 3531
464 276 588 314 INDEX
616 289 902 323 PERSONARUM,
928 291 1067 318 RERUM
1097 293 1145 318 Ac
1173 292 1363 318 LocoRUM
1613 278 1683 316 833

99 397 279 438 Ovando,
298 397 484 439 Ioannes,
512 398 689 434 vicarius
708 399 882 446 archiep.

145 456 405 504 hispalensis,
425 456 505 497 ²216,
524 456 612 498 599:
628 457 789 494 scholas
809 459 878 494 So-

146 516 309 552 cietatis
347 515 495 563 aperiri
535 519 661 557 curat,
692 517 775 557 169:
804 517 878 553 cle-

146 577 251 612 ricos
278 575 328 611 ad
366 575 577 611 doctrinae
616 576 876 617 christianae,

145 639 186 672 et
227 646 395 671 casuum
438 635 714 671 conscientiae
756 646 878 682 expo-

145 697 337 733 sitionem
364 697 574 736 convocat,
601 694 688 738 217;
715 695 811 741 quid
831 696 878 731 de

145 755 304 792 clericis
331 754 555 791 formandis
589 754 771 796 sentiret,
802 756 876 790 411.

99 814 271 852 Ovidius
298 813 418 855 Naso,
440 816 572 860 poeta,
599 813 686 848 eius
715 813 815 849 liber
834 814 881 849 de

146 873 353 911 Tristibus
406 872 635 919 explicatur
690 872 878 912 Ocaniae,

146 934 201 970 71.

99 993 332 1041 Oybinense
359 992 665 1033 monasterium,
688 991 788 1027 socii
808 992 876 1038 qui

147 1052 201 1089 ibi
246 1052 399 1099 degunt
438 1051 489 1087 ab
533 1051 750 1087 haereticis
793 1061 881 1097 per-

145 1111 378 1148 secutiones
405 1111 631 1158 patiuntur,
657 1110 738 1146 301.

473 1230 510 1276 Ρ

102 1351 300 1393 Pachtler,
327 1350 371 1386 G.
399 1348 584 1390 Michael,
613 1348 651 1385 S.
668 1348 708 1389 I..
735 1348 883 1395 script.,

145 1411 228 1453 506,
253 1410 336 1447 672.

101 1470 226 1507 Paiva
241 1473 281 1506 et
293 1469 417 1512 Pona,
436 1469 482 1505 A.
498 1468 538 1505 P.
558 1468 619 1510 de,
638 1468 788 1515 script„
801 1467 882 1504 567.

102 1530 299 1571 Palacios,
338 1529 506 1576 Gaspar,
534 1528 571 1564 S.
600 1527 643 1571 I.,
670 1527 769 1569 obit,
803 1527 884 1567 616,

147 1589 228 1626 617.

101 1671 145 1675 -
173 1649 329 1691 Petrus,
359 1648 605 1685 Societatem
644 1646 884 1694 ingreditur,

102 1768 292 1805 Palantia
330 1767 567 1815 (Palencia)‚
606 1766 696 1803 coll.
736 1768 881 1807 status,

150 1827 240 1873 1733
277 1827 465 1864 doctrina
503 1826 731 1863 christiana
768 1824 885 1861 doce-

149 1891 226 1930 tur,
267 1887 352 1932 1733
391 1896 615 1923 concursus
657 1884 709 1921 ad
748 1895 882 1920 sacra-

149 1950 298 1990 menta,
337 1947 424 1991 173;
467 1945 791 1994 supplicationes
834 1944 883 1980 ad

148 2007 447 2054 impetrandam
474 2006 668 2053 pluviam,
686 2004 775 2047 391;
795 2014 885 2039 nos-

149 2070 303 2103 trorum
331 2077 421 2102 cum
449 2065 544 2101 aliis
578 2064 785 2111 religiosis
824 2074 884 2099 re-

149 2126 262 2168 latio,
301 2125 387 2168 174;
427 2125 575 2161 festum
613 2123 886 2160 circumcisio—

149 2186 214 2222 nis
239 2185 482 2227 dominicae,
510 2185 596 2228 1743
623 2187 663 2220 et
693 2183 884 2230 Corporis

149 2245 315 2288 Christi,
363 2244 550 2288 391-3923
601 2242 886 2291 grammatices

149 2305 282 2347 ludus,
307 2304 396 2348 391;
424 2304 555 2351 episc„
588 2314 624 2340 v.
651 2301 885 2338 Fernandez

148 2364 196 2400 de
224 2364 467 2407 Valtodano,
494 2361 727 2409 Christoph.

104 2423 256 2467 Palma,
284 2423 323 2460 S.
350 2423 378 2460 l.
404 2423 464 2470 (⁶3),
502 2421 750 2458 Vindobona
789 2412 887 2467 Tyr-

151 2483 314 2519 naviam
342 2483 504 2526 missus,
530 2481 611 2524 495,
638 2482 719 2517 508.

104 2542 272 2586 Palmi0‚
299 2542 558 2584 Benedictus,
585 2541 623 2577 S.
651 2540 691 2583 L,
724 2540 888 2587 provin-

150 2602 267 2638 cialis
290 2600 613 2649 Longobardiae‚
630 2599 688 2642 38,
708 2599 784 2642 1020,
808 2598 885 2640 137,

151 2661 238 2705 770;
284 2661 596 2697 exhortationes
639 2658 690 2695 ad
741 2658 887 2694 fratres

151 2720 276 2757 habet
300 2723 340 2756 et
366 2720 581 2756 contiones
607 2718 657 2755 ad
692 2716 887 2765 populum

152 2779 375 2823 Bononiae,
405 2779 484 2822 138,
509 2778 591 2821 3027,
622 2778 710 2823 7833
750 2776 887 2812 Ferra-

152 2840 248 2883 riae,
276 2840 362 2884 4503
390 2839 551 2875 Patavii
578 2839 620 2874 in
650 2836 798 2883 templo
826 2847 890 2872 ca-

152 2899 340 2942 thedrali,
367 2898 546 2942 744-7453
581 2896 778 2938 Venetiis,
818 2895 886 2930 ubi

152 2958 389 2994 institutum
410 2957 629 2994 Societatis
649 2955 800 3003 populo
820 2966 888 2990 ex-

153 3017 290 3064 plicat,
318 3017 484 3060 137-138,
512 3016 680 3053 140-141.

108 3098 149 3102 -
178 3076 430 3119 Franciscus,
470 3076 508 3113 S.
547 3075 588 3119 l.,
622 3077 755 3111 rector
793 3072 883 3110 coll.

144 3170 304 3198 LITTERAE
327 3170 604 3205 QUADRIMESTRES.
633 3185 660 3188 —
685 3168 760 3194 Toni.
788 3167 853 3194 Vll.

1005 400 1281 442 bononiensis,
1323 400 1597 442 contionatur,
1651 399 1731 441 326,

998 459 1078 502 331,
1106 460 1184 496 7803.

956 518 1178 560 Pannonia,
1205 519 1284 554 284.

955 577 1209 621 Panormum,
1236 578 1324 614 coll.
1364 581 1508 620 status,
1545 578 1603 620 229,
1642 577 1730 613 343-

1000 638 1080 681 344,
1107 638 1188 679 480,
1213 638 1302 681 6763
1331 638 1581 674 noviciorum
1621 648 1733 673 exer-

1000 697 1108 739 citia,
1127 698 1214 737 344:
1242 698 1465 733 domestica
1487 697 1733 738 adhortatio,

1002 756 1084 795 4802:
1113 767 1249 803 preces
1273 768 1345 803 pro
1366 756 1569 792 Ecclesiae
1597 767 1732 792 neces-

1003 815 1208 857 sitatibus,
1249 816 1428 857 481-482;
1475 815 1733 851 alumnorum

1002 885 1204 916 numerus,
1243 875 1300 915 30,
1338 874 1419 918 344,
1456 874 1545 917 68ος
1572 875 1642 921 qui
1675 874 1734 909 ni-

1002 934 1077 969 mis
1096 934 1179 970 cito
1197 934 1249 970 ad
1267 934 1415 970 altiora
1433 934 1571 970 studia
1597 944 1735 969 ascen-

1000 993 1092 1029 dere
1120 993 1276 1035 volunt,
1294 994 1382 1037 680;
1401 993 1589 1029 doctrina
1606 992 1735 1028 chris-

1003 1053 1117 1088 tiana
1154 1053 1332 1094 docetur,
1359 1053 1416 1095 31,
1442 1052 1612 1095 344-345,
1641 1052 1734 1095 677;

1000 1112 1263 1158 congregatio
1283 1113 1441 1159 piorum
1458 1112 1637 1147 virorum
1655 1113 1735 1147 sta-

1004 1170 1163 1206 bilitur:
1198 1171 1285 1207 eius
1324 1182 1458 1218 opera,
1495 1170 1624 1214 30-31;
1653 1169 1735 1212 484,

1000 1230 1092 1273 6793
1127 1241 1350 1266 concursus
1388 1230 1439 1266 ad
1476 1232 1736 1266 sacramenta

1001 1289 1273 1336 suscipienda,
1303 1290 1360 1332 31,
1398 1289 1478 1332 481,
1515 1288 1604 1332 483;
1632 1287 1736 1324 iuhi-

1007 1348 1082 1384 laei
1111 1350 1336 1393 occasione,
1354 1349 1442 1393 345;
1461 1349 1629 1391 fructus,
1647 1347 1735 1391 6783

1005 1409 1241 1444 nosocomia
1266 1409 1514 1451 invisuntur,
1540 1408 1621 1450 345,
1646 1407 1736 1451 4823

1004 1470 1042 1503 et
1082 1478 1272 1510 carceres,
1310 1468 1367 1510 31,
1404 1468 1492 1511 345;
1532 1466 1736 1503 Exercitia

1006 1528 1239 1573 spiritualia
1259 1527 1331 1564 Sti.
1351 1527 1501 1574 Ignatii
1529 1525 1737 1573 aliquibus

1006 1586 1167 1622 feminis
1186 1590 1226 1622 et
1245 1587 1344 1622 viris
1370 1585 1736 1626 communicantur,

1005 1646 1085 1689 345,
1111 1646 1191 1689 483,
1217 1647 1304 1689 6793
1334 1645 1582 1682 monasteria
1616 1644 1737 1689 virgi·

1007 1716 1101 1741 num
1128 1706 1335 1748 iuvantur,
1353 1705 1434 1747 4802,
1452 1705 1534 1748 483,
1551 1704 1632 1747 678,
1649 1703 1736 1746 679;

1006 1766 1295 1801 monasterium
1342 1765 1414 1801 Sti.
1458 1763 1626 1800 Ioannis
1672 1763 1737 1799 del

1008 1824 1218 1870 Roglione,
1244 1824 1331 1865 6792
1363 1823 1672 1870 archiepiscopi,
1702 1833 1737 1857 v.

1007 1883 1158 1919 Orozco
1182 1884 1230 1919 de
1250 1883 1363 1923 Arce,
1383 1882 1547 1924 Franc.;
1568 1893 1601 1917 v.
1622 1881 1739 1917 Prae-

1006 1944 1161 1985 conius,
1205 1943 1478 1987 Octavianus;
1521 1944 1664 1983 rector,
1703 1952 1738 1977 v.

1007 2003 1199 2043 Achilles,
1228 2002 1380 2039 Paulus
1406 2002 1467 2038 de.

965 2062 1086 2098 Paola
1112 2062 1282 2108 (Paula),
1309 2062 1389 2103 387,
1416 2062 1496 2097 390.

963 2122 1096 2163 Paolo,
1139 2121 1191 2163 P„
1232 2121 1268 2157 S.
1308 2121 1349 2163 1.,
1391 2121 1654 2157 contionatur
1697 2120 1738 2155 in

1007 2181 1359 2228 Montepolitiano,
1384 2180 1466 2215 Ο263.

963 2241 1132 2288 Papuas,
1159 2251 1269 2287 gens,
1297 2239 1507 2286 Evangelii
1536 2238 1740 2286 praedica-

1008 2304 1115 2336 tores
1142 2300 1357 2341 desiderat,
1382 2299 1462 2335 568.

963 2360 1120 2399 Parisii,
1147 2359 1237 2395 coll.
1264 2361 1410 2401 status,
1435 2357 1489 2399 102,
1512 2357 1575 2399 75;
1602 2357 1741 2392 adver-

1007 2419 1104 2455 sarii
1123 2422 1163 2454 et
1178 2418 1296 2454 amici
1318 2416 1548 2458 Societatis,
1565 2415 1739 2458 486-488;

1007 2478 1096 2514 coll.
1130 2477 1234 2513 Stae.
1267 2476 1483 2517 Barbarae,
1520 2475 1581 2518 1<2;
1617 2475 1740 2521 pestis

1010 2538 1050 2573 in
1079 2537 1176 2573 urbe
1203 2539 1425 2583 grassatur,
1450 2535 1540 2573 489:

963 2598 1116 2639 Parma,
1156 2596 1342 2642 princeps
1380 2595 1440 2637 de,
1484 2605 1519 2630 v.
1555 2593 1739 2636 Farnese,

1010 2655 1253 2691 Alexander.

965 2715 1093 2751 Parva
1107 2724 1247 2750 mensa
1261 2713 1310 2749 ad
1326 2713 1602 2759 paenitentias
1617 2712 1732 2748 adim-

1010 2774 1189 2821 plendas,
1216 2772 1296 2815 590,
1322 2772 1401 2807 600.

966 2833 1184 2873 l’ascualis,
1212 2832 1248 2868 S.
1278 2831 1318 2874 I.‚
1338 2831 1582 2867 Vindobona
1601 2831 1641 2866 in
1663 2830 1742 2867 lta-

1008 2893 1105 2928 liam
1133 2893 1294 2933 missus,
1320 2890 1400 2926 495.

966 2953 1120 2993 Passiu,
1148 2951 1357 2997 Georgius,
1386 2950 1422 2985 S.
1451 2949 1491 2991 1..
1511 2952 1642 2985 rector
1662 2948 1742 2985 col-

1011 3011 1105 3057 legii
1135 3010 1318 3051 amerini,
1352 3009 1436 3051 143;
1467 3008 1745 3055 occupationi-

1010 3071 1084 3106 bus
1135 3069 1332 3110 obruitur,
1384 3067 1470 3109 143:
1512 3067 1742 3103 doctrinam

1672 3162 1707 3188 53
