2028 3531
343 268 411 303 690
812 266 1016 302 LITTERAE
1043 264 1387 309 QUADmMEsTRsss

296 398 408 438 quas
438 385 537 436 ipsi,
570 397 651 425 suo
682 387 826 424 tamen
859 383 1050 431 nomine,
1086 381 1361 432 principibus
1390 383 1432 421 et
1465 381 1827 432 eleemosynarijS
1856 381 1918 421 of-

297 452 408 491 ferre
439 450 632 501 possint:
679 450 787 500 quin
834 450 1083 499 frequenter
1111 459 1136 485 a
1167 446 1296 485 nobis
1339 446 1471 485 etiam
1515 446 1819 497 eleemosynae
1850 457 1918 496 pe-

297 517 466 563 tuntur,
500 515 612 554 vnde
655 514 869 554 studiosis
915 511 1182 563 pauperibus
1221 511 1339 558 libri,
1371 512 1628 561 caeteraque
1672 510 1919 550 necessaria

296 582 567 627 coemantur,
601 582 648 619 ut
676 591 726 618 eo
758 578 932 617 facilius
961 577 1015 615 ad
1046 577 1207 615 bonam
1251 576 1419 625 frugem
1454 577 1619 626 queant
1649 575 1914 625 promoueri.

376 646 412 684 7.
446 645 595 696 Neque
622 645 734 683 hanc
755 643 1107 694 qualemcunque
1129 640 1313 680 fratrum
1335 642 1586 679 nostrorum
1622 639 1916 689 diligentiam,

298 710 416 750 Deus
444 710 577 749 etiam
607 708 837 758 temporali
870 706 1065 745 mercede
1095 717 1185 744 non
1216 705 1328 751 uult,
1361 706 1408 743 ut
1438 706 1633 755 apparet,
1662 703 1918 743 destitutam

296 787 406 814 esse.
440 774 549 813 Nam
581 773 618 812 si
649 772 750 823 quis
797 774 958 818 noster,
991 769 1319 821 quantumlibet
1360 769 1549 819 exiguus
1578 769 1706 808 fauor
1735 767 1781 807 in
1813 779 1920 818 pau-

299 850 422 890 peres
451 838 625 885 existat,
657 839 770 877 certe
815 835 1055 874 maximum
1086 834 1161 873 ille
1205 833 1420 880 uicissim,
1453 833 1746 872 maximorum
1782 832 1921 871 homi-

297 916 404 944 num
450 904 645 942 fauorem
689 901 818 941 nobis
847 900 1068 940 conciliat.
1102 897 1226 938 Rffflb'
1265 898 1381 938 enim
1414 897 1786 948 Archiepisropus
1825 909 1922 948 pra-

297 968 447 1019 gensis
476 970 488 992 1
519 978 649 1017 saepe
691 969 778 1005 tam
812 978 856 1005 re
899 965 1009 1015 ipsa,
1041 975 1171 1015 quam
1205 963 1369 1010 uerbis,
1401 964 1566 1014 quanta
1610 974 1691 1001 nos
1734 962 1922 1001 beneuo-

298 1033 433 1072 lentia
481 1033 788 1083 prosequatur,
834 1042 922 1069 non
965 1030 1151 1069 obscure
1193 1030 1380 1068 testatus
1422 1029 1500 1068 est.
1532 1026 1656 1067 Rffissss
1695 1027 1828 1066 etiam
1866 1025 1921 1065 ad

298 1097 340 1138 S.
372 1096 417 1137 G.
450 1097 504 1137 M.
535 1096 708 1147 legatus
737 1094 1009 1145 apostoliens
1037 1094 1051 1117 ²
1083 1105 1172 1132 non
1202 1092 1347 1132 solum
1384 1091 1662 1131 familiariter
1705 1093 1748 1130 et
1785 1091 1922 1130 hono—

300 1162 417 1201 rifice
448 1161 679 1200 nobiscum
710 1160 816 1211 agit,
849 1159 924 1198 sed
955 1159 1087 1197 etiam
1117 1169 1207 1197 non
1237 1159 1433 1208 rogatus,
1457 1159 1700 1208 spontanea
1730 1155 1921 1206 quadam

299 1225 611 1265 beneuolentia
631 1225 753 1264 iuxta
774 1223 1165 1263 clementissimam
1187 1221 1357 1262 Summi
1389 1221 1631 1268 Pontificis,
1656 1223 1703 1260 ut
1732 1220 1919 1268 dicebat,

299 1291 575 1330 uoluntatem
604 1292 857 1329 nostrorum
901 1288 1179 1339 negotiorum
1209 1298 1389 1326 causam
1419 1286 1528 1326 satis
1572 1297 1752 1337 grauem
1783 1296 1924 1335 nuper

299 1356 346 1394 in
375 1367 421 1395 se
450 1354 626 1405 recepit,
658 1366 709 1393 ac
738 1353 780 1394 S.
814 1353 859 1393 C.
889 1353 959 1401 M.,
991 1352 1364 1403 serenissimoque
1394 1351 1583 1402 principi
1629 1352 1780 1390 nostro
1810 1352 1824 1373 ³
1859 1349 1923 1389 di-

299 1421 487 1471 ligenter
515 1418 858 1465 commendauit,
890 1420 932 1458 et
961 1418 1148 1457 necdum
1178 1429 1307 1468 agere
1336 1418 1493 1464 cessat,
1524 1416 1663 1455 donec
1693 1415 1920 1461 foeliciter,

300 1485 524 1536 aspirante
568 1484 759 1531 Christo,
791 1483 1056 1534 perficiatur.
1092 1483 1209 1522 Idem
1253 1482 1306 1522 de
1349 1480 1473 1521 RssfiSS
1512 1481 1562 1521 D.
1609 1480 1827 1529 Cromero,
1867 1479 1923 1518 le-

299 1552 401 1601 gato
432 1550 547 1600 regis
579 1549 803 1596 Poloniae,
836 1548 888 1587 de
931 1547 1090 1587 comite
1119 1547 1312 1598 quodam
1343 1546 1385 1586 S.
1419 1546 1463 1586 C.
1496 1546 1549 1585 M.
1588 1545 1837 1594 secretario,
1870 1544 1923 1583 de

300 1615 351 1655 D.
384 1614 561 1655 Citardo
590 1617 620 1661 ⁴,
651 1613 961 1653 concionatore
1011 1624 1230 1660 caesareo,
1262 1611 1315 1651 de
1358 1611 1407 1651 D.
1439 1610 1692 1662 praeposito
1721 1611 1751 1655 ⁵,
1783 1609 1924 1660 deque

300 1679 454 1719 multis
486 1679 594 1718 uiris
624 1677 872 1730 magnificis
903 1677 1030 1717 facile
1060 1676 1262 1724 dixerim,
1294 1676 1370 1727 qui
1401 1688 1447 1715 se
1490 1686 1659 1726 suaque
1693 1673 1921 1725 obsequia,

299 1744 429 1784 nobis
458 1744 590 1784 etiam
628 1745 798 1794 praeter
826 1754 1002 1782 omnem
1031 1754 1169 1793 spem,
1202 1741 1331 1780 toties
1361 1744 1538 1792 tamque
1580 1739 1815 1790 diligenter
1843 1739 1920 1777 ob-

301 1809 512 1856 tulerunt,
563 1810 611 1848 ut
658 1808 772 1847 inter
823 1818 919 1846 sese
966 1806 1293 1858 quodammodo
1341 1806 1598 1845 uiderentur
1644 1803 1921 1849 contendere,

301 1874 507 1925 quisnam
546 1873 746 1924 ipsorum
776 1872 953 1923 negotia
1002 1873 1154 1911 nostra
1200 1871 1317 1921 apud
1347 1870 1390 1910 S.
1424 1870 1468 1910 C.
1510 1870 1565 1909 M.
1599 1871 1784 1908 tractare
1832 1879 1925 1919 pos-

301 1941 381 1987 set,
426 1939 544 1990 quod
592 1939 702 1978 forte
750 1950 840 1977 non
889 1938 1143 1988 ignorarent
1191 1936 1303 1976 illud
1350 1935 1614 1987 obsequium
1661 1937 1703 1974 et
1745 1934 1836 1973 Deo
1883 1934 1924 1972 et

302 2004 345 2044 S.
378 2004 423 2044 C.
456 2004 511 2043 M.
543 2011 561 2029 a
583 2015 716 2054 quam
747 2003 1050 2054 gratissimum
1082 2002 1187 2042 fore.
1235 2001 1417 2041 Constat
1459 2000 1578 2040 enim
1625 1999 1743 2051 quod
1778 1998 1824 2039 C.
1867 1999 1921 2038 M.

302 2081 392 2108 non
421 2080 641 2120 propenso
684 2071 871 2115 tantum,
903 2067 979 2107 sed
1009 2069 1052 2106 et
1081 2069 1264 2117 paterno
1296 2078 1477 2117 prorsus
1506 2065 1667 2105 affectu
1697 2076 1779 2104 nos
1808 2075 1924 2103 com-

302 2134 533 2185 plectatur,
565 2136 695 2181 amet,
729 2133 890 2179 foueat,
923 2132 1213 2179 commendet,
1246 2131 1487 2182 audiatque
1521 2130 1710 2170 libenter
1738 2130 1794 2168 ab
1823 2128 1924 2179 alijs

302 2198 615 2239 commendari.
661 2199 864 2238 Breuitas
907 2198 1153 2237 litterarum
1198 2209 1289 2236 non
1332 2196 1513 2247 patitur,
1546 2197 1595 2235 ut
1636 2195 1708 2234 hic
1755 2193 1924 2244 aliquid

303 2264 495 2304 inseram
525 2264 577 2303 de
620 2263 825 2303 sereniss.
873 2263 1110 2302 archiduce
1139 2264 1290 2301 nostro
1328 2260 1621 2307 Ferdinando,
1662 2259 1755 2310 qui,
1788 2260 1836 2298 ut
1878 2258 1925 2296 in

303 2328 407 2379 alijS
436 2328 696 2375 uirtutibus,
730 2328 790 2367 ita
820 2328 866 2366 in
897 2327 979 2366 hac
1004 2327 1135 2366 etiam
1168 2328 1289 2377 parte
1319 2325 1645 2365 studiosissime
1676 2323 1924 2375 pijssimum

367 2536 386 2555 a
406 2529 443 2561 et
465 2528 501 2561 S.
526 2528 564 2561 C.
589 2528 633 2560 M.
658 2528 704 2559 in
729 2536 857 2568 marg.

367 2720 377 2738 ¹
401 2718 588 2750 Antonius
611 2718 706 2750 Brus
730 2718 774 2750 de
796 2717 961 2759 MuglitZ,
986 2717 1091 2758 prius
1114 2717 1310 2758 episcopus
1334 2715 1562 2748 viennensis.

366 2772 379 2789 2
404 2770 470 2802 Per
495 2770 531 2802 id
556 2772 701 2812 tempus
725 2771 803 2802 erat
827 2769 1026 2801 Zacharias
1050 2768 1202 2808 Delfino,
1227 2778 1303 2810 eps.
1329 2768 1537 2810 pharensis.
1563 2766 1615 2800 Cf.
1640 2766 1824 2798 BJAUDET:
1849 2764 1926 2797 Les

304 2823 571 2856 Nosnoiatnres
588 2824 879 2864 permanentes,
912 2822 1060 2854 263-264.

365 2879 378 2897 ³
400 2877 561 2909 Indicari
586 2877 733 2909 videtur
755 2877 821 2908 aut
845 2875 1133 2915 Maximilianus,
1159 2877 1224 2907 aut
1248 2875 1515 2914 Ferdinandus‚
1540 2872 1774 2915 imperatoris
1812 2871 1923 2911 filius,

305 2929 369 2970 qui
395 2929 608 2961 BohemIam
633 2928 876 2970 gubernabat.

368 2983 379 3001 ⁴
403 2982 439 3014 P.
466 2982 641 3014 Matthias
665 2981 866 3014 Cithardus
889 2981 1129 3023 (Cythardus>
1152 2982 1192 3014 O.
1218 2981 1254 3013 P.

368 3036 380 3054 ⁶
403 3035 586 3067 Heni-icus
614 3034 842 3067 Scribonius,
