2028 3531
551 285 632 321 501.
659 306 702 311 -
731 284 875 321 GENUA
900 284 947 320 93
973 284 1144 320 APles
1172 284 1259 320 1561
1604 287 1672 322 199

193 406 310 455 afuit
342 406 392 444 ut
420 406 594 445 homini
623 405 874 455 blasphemo
898 405 1057 455 lingua
1078 405 1355 444 marchionis
1383 406 1516 444 iussu
1539 407 1719 455 transfi-

191 470 386 519 9eretur.
432 470 552 509 Aliis
601 471 747 509 tamen
793 471 951 519 poenis
981 470 1222 508 multatur.
1259 469 1524 509 Consulitur
1552 470 1720 510 decenti

194 536 424 575 custodiae
453 536 731 575 sacramenti
760 537 961 585 corporis
993 534 1177 574 Christi.
1211 536 1482 574 Instituitur
1501 536 1722 575 sodalitas

194 600 251 639 ad
281 602 633 650 frequentiorem
675 601 974 640 eucharistiae
1011 612 1147 639 usum
1179 601 1537 651 promovendum
1581 602 1621 639 et
1665 602 1721 639 ad

191 678 413 716 pauperes
456 666 767 706 sublevandos.
801 665 1035 705 Societatis
1072 666 1255 705 nostrae
1293 666 1567 705 desiderium
1603 668 1722 716 apud

193 731 362 770 multos
398 732 635 770 excitatur.
681 731 841 770 Clerici
880 732 1205 770 contionatoris
1247 731 1588 781 reprehensione
1630 745 1722 770 cor-

191 797 300 834 recti
324 796 527 835 divinam
552 796 860 846 psalmodiam
881 797 1135 835 reverenter
1155 808 1312 835 canere
1330 797 1571 846 incipiunt.
1603 797 1721 835 L'ndc

193 862 498 900 concionatori
526 862 803 900 existimatio
834 862 1087 901 conciliata.
1118 862 1320 900 Marchio
1341 862 1516 900 exulem
1545 863 1594 901 in
1614 874 1721 912 yra—

194 927 305 965 tiam
327 926 497 976 recipit.
522 927 730 965 Humiles
759 926 961 965 homines
984 939 1231 977 pauperem
1260 927 1448 974 nudum,
1472 928 1722 977 corrogatis

196 992 500 1042 eleemosynis,
532 992 742 1031 vestiunt.
777 991 1028 1031 Nobiliores
1069 994 1185 1030 cives
1224 1005 1306 1042 pro
1356 992 1643 1031 tabernaculo
1682 994 1721 1031 et

193 1057 397 1096 custodia
427 1057 646 1107 faciendis
675 1059 835 1107 stipem
862 1058 1034 1107 petunt.
1063 1057 1221 1097 Grana
1242 1057 1463 1096 benedicta
1485 1059 1533 1096 in
1554 1070 1721 1107 magma

193 1123 481 1161 veneratione
511 1123 745 1162 habentur.
778 1123 1113 1162 Xenodochium
1135 1123 1183 1162 ob
1203 1124 1362 1162 Patris
1383 1124 1555 1162 Emerii
1580 1126 1722 1173 aeglri-

193 1188 393 1227 tudinem
429 1189 738 1238 imperfectum
768 1189 1061 1238 relinquitur.
1082 1189 1424 1227 Benevolentiae
1456 1190 1590 1238 signa
1624 1201 1722 1227 con·

195 1254 414 1292 tionatori
436 1253 737 1304 proficiscenti
768 1253 977 1292 exhibita.
1027 1253 1109 1292 Cui
1137 1254 1346 1304 Episcopi
1374 1255 1576 1292 vicarius
1607 1253 1722 1293 labo-

191 1320 319 1357 ranti
351 1320 391 1357 et
426 1320 683 1369 aegrotanti
726 1319 931 1368 fraterne
973 1319 1192 1358 subvenit.
1239 1319 1393 1358 Pauca
1438 1319 1488 1358 de
1529 1320 1722 1369 Apuliae

191 1384 402 1434 religioso
433 1385 570 1423 statu.

854 1596 954 1645 501

502 1737 558 1788 Ρ.
597 1736 1006 1787 VINCENTIUS
1061 1737 1308 1787 TONDA

599 1863 734 1889 GENUA
761 1852 808 1888 023
834 1863 997 1889 APRILIS
1026 1853 1114 1889 1561
1143 1853 1166 1889 1.

89 1973 209 2020 Quae
250 1975 295 2012 in
341 1974 502 2012 itinere
547 1987 567 2012 e
613 1973 772 2013 Sicilia
820 1973 1024 2013 Genuam
1066 1986 1207 2024 usque
1250 1974 1508 2023 acciderint,
1544 1975 1720 2013 narrat.

196 2039 429 2077 Occasione
459 2040 639 2078 exortae
662 2040 888 2090 procellae
908 2040 1077 2079 nautae
1091 2040 1398 2090 paenitentiae
1418 2041 1552 2089 signa
1572 2040 1720 2086 eclmzt,

191 2105 230 2143 et
259 2117 406 2143 mores
435 2106 483 2143 in
514 2105 678 2144 melius
708 2106 902 2144 mutant.

163 2229 192 2278 ἦ
222 2228 358 2268 Molto
389 2228 487 2269 R.d0
520 2229 567 2268 in
597 2228 774 2269 Christo
806 2229 949 2269 Pater.
975 2229 1067 2269 Pax
1089 2228 1158 2270 X}
1186 2229 1383 2268 Essendo
1404 2241 1482 2280 per
1501 2229 1656 2268 ordine
1678 2228 1721 2267 di

89 2292 135 2332 V.
171 2293 221 2333 P.
254 2294 405 2344 partiti
437 2294 539 2334 tutti
571 2294 647 2334 noi
677 2294 825 2346 quatri
856 2297 869 2319 2
899 2294 955 2334 da
985 2294 1138 2334 Sicilia
1169 2306 1245 2345 per
1274 2294 1550 2345 Portugallo.
1573 2306 1650 2344 per
1678 2293 1721 2332 di

84 2370 173 2409 puo
196 2371 280 2399 con
302 2359 343 2399 la
365 2360 509 2412 gratia
531 2360 602 2400 del
623 2360 811 2411 Signore
832 2372 989 2412 passer
1009 2360 1260 2410 nell‘lndia‚
1278 2363 1320 2400 et
1339 2372 1415 2411 per
1435 2371 1555 2399 esser
1579 2359 1720 2410 gionti

83 2436 173 2475 qua
203 2425 250 2464 in
282 2425 468 2466 Genoua
497 2438 522 2465 a
552 2426 832 2466 saluamento
853 2433 885 2474 ἃ,
920 2426 979 2465 mi
1024 2438 1049 2465 a
1094 2437 1224 2477 parso
1268 2425 1448 2465 satisfar
1485 2425 1528 2464 al
1571 2424 1722 2475 obligo

85 2489 131 2529 in
162 2490 332 2530 scriuer
360 2493 402 2530 et
432 2491 584 2531 auisar
612 2503 637 2530 a
668 2491 718 2531 V.
753 2491 800 2530 P.
833 2491 878 2531 di
909 2491 1012 2542 quel
1042 2493 1166 2530 tanto
1196 2491 1412 2541 (ahenche
1434 2496 1557 2541 poco)
1590 2490 1669 2529 che
1691 2489 1721 2528 il

84 2554 272 2606 Signore
302 2556 348 2595 in
379 2559 537 2608 questo
567 2558 720 2596 nostro
761 2568 869 2608 poco
900 2556 1063 2607 viagio,
1096 2556 1135 2595 si
1165 2557 1187 2595 e
1217 2556 1385 2595 seruito
1415 2555 1458 2595 di
1490 2555 1563 2594 noi
1584 2554 1601 2579 ¹>
1622 2555 1720 2594 suoi

146 2695 163 2713 a
182 2687 265 2719 Del,
289 2697 369 2728 par.
393 2706 432 2710 ——
457 2687 474 2713 b
494 2687 616 2719 Prius
640 2688 776 2729 questi.

148 2815 159 2832 ¹
182 2813 235 2844 Ex
257 2813 350 2854 orig.
377 2814 538 2854 (autogr.
554 2813 585 2853 ?)
609 2813 647 2845 in
671 2813 750 2846 cod.
778 2813 866 2846 Ital.
894 2814 964 2851 117,
989 2813 1024 2845 ff.
1049 2813 1122 2847 205.
1147 2813 1229 2846 206:
1256 2812 1360 2853 prius
1379 2812 1448 2843 157.
1468 2811 1543 2842 Hac
1560 2810 1722 2852 epistula

85 2875 178 2898 usus
202 2867 270 2905 est,
296 2867 339 2898 ut
361 2866 522 2905 videtur,
547 2866 742 2899 Polancus.
768 2865 819 2900 Cf.
843 2866 1011 2898 Polanci
1037 2867 1194 2907 Compl..
1220 2866 1246 2899 I.
1265 2865 1413 2897 278-279.
1440 2864 1575 2905 Aliqua
1599 2865 1723 2895 tamen

86 2919 140 2951 ihi
165 2921 440 2961 supponuntur,
466 2928 563 2961 quae
586 2920 625 2952 in
649 2929 692 2952 ea
715 2929 790 2952 non
814 2921 1028 2952 narrantur.

149 2975 160 2992 2
183 2972 332 3005 Scilicet
356 2973 540 3014 epistulae
564 2974 705 3012 auctor,
731 2972 857 3014 Scipio
880 2972 1052 3005 Comitoli
1078 2972 1291 3014 perusinus.
1310 2971 1465 3003 Michael
1481 2970 1631 3003 Beltran
1649 2970 1724 3002 liis-

85 3035 206 3067 panus
230 3026 466 3064 Valentinus,
491 3027 528 3058 et
551 3026 774 3059 Vincentius
797 3026 965 3059 Cavorno
1003 3026 1257 3058 salernitanus
1287 3024 1339 3057 Ct'.
1375 3024 1542 3056 Polam-i
1578 3023 1720 3065 Compl.

84 3080 110 3112 1.
135 3089 189 3114 c.:
215 3079 302 3112 Cod.
327 3079 426 3112 Lus.
449 3079 510 3112 43.
536 3080 559 3112 f.
587 3080 657 3112 147.
