2028 3531
333 299 379 333 50
806 301 1004 337 lma-mm:
1039 303 1381 346 Qummmmswnss

365 419 402 457 3.
441 418 579 457 Fauor
607 419 941 470 archiepiscopi,
973 423 1154 459 senatus
1183 423 1221 459 et
1252 420 1456 465 aliorum,
1489 418 1620 457 solito
1652 418 1791 458 maior
1820 422 1900 459 est.

291 482 448 521 l'utant
480 484 700 531 nonnulli,
733 484 769 522 si
800 484 1159 535 archiepiscopus
1200 485 1303 535 quid
1353 486 1523 529 taceret,
1568 485 1769 522 senatum
1814 495 1903 523 non

286 547 553 588 defuturum.
585 547 847 588 Occasiones
881 549 1016 596 igitur
1044 550 1299 598 quaerimus
1333 548 1511 598 saepius
1553 549 1593 587 et
1637 547 1905 587 familiarius

285 623 383 650 cum
414 612 745 662 archiepiscopo
774 613 1069 664 colloquendi.
1105 615 1246 664 Atque
1277 614 1371 663 ipsa
1401 612 1471 651 ‹lie
1500 611 1779 662 epiphaniae,
1803 624 1901 652 cum

287 676 356 715 hic
387 679 514 718 esset.
547 676 634 716 duo
664 689 713 716 ex
746 678 909 716 nostris
944 679 1146 717 Patribus
1175 691 1271 717 eum
1304 679 1622 724 conuenerunt,
1654 688 1757 727 erga
1791 689 1904 728 quos

285 752 330 779 se
354 741 479 780 valde
499 742 686 781 amicum
710 742 926 785 exhihuit,
954 746 1084 794 atque
1108 747 1313 794 putamus
1343 745 1568 792 sumptum
1599 754 1694 781 esse
1725 742 1900 781 initium

285 805 543 845 Societatem
575 807 688 857 apud
722 807 1098 858 archiepisr01mm
1135 808 1433 858 promouendj.
1466 807 1572 846 Nam
1604 809 1818 858 quantum
1850 820 1901 846 ex

284 881 335 908 eo
364 870 586 920 colloquio
615 871 821 919 colligere
853 871 989 915 licuit,
1016 873 1143 911 vellet
1175 884 1305 911 vnum
1337 884 1387 910 ex
1420 871 1618 922 nostlrlis
1646 871 1903 910 doctoribus

284 945 430 973 secum
462 935 515 974 ad
546 935 780 975 concilium
812 948 1050 977 assumere.
1083 937 1135 976 ‹le
1168 950 1255 987 quo
1294 937 1405 975 alias
1434 936 1486 975 ad
1521 936 1568 975 V.
1607 936 1654 974 u.
1687 935 1897 986 scriptum

283 1000 363 1040 est,
395 1001 432 1037 et
466 1011 724 1050 responsum
773 1000 921 1039 Patres
965 1002 1100 1051 nostrj
1146 1003 1388 1051 expectant.
1422 1001 1486 1039 Ad
1535 1001 1639 1039 haec
1671 1000 1793 1039 visus
1836 1003 1897 1039 est

283 1062 489 1102 Societati
523 1064 632 1103 velle
661 1065 888 1115 assignare
931 1066 983 1104 ad
1027 1066 1223 1105 scholam
1269 1066 1488 1105 triuialem
1524 1065 1777 1115 erigendam
1809 1076 1900 1103 mo-

283 1127 524 1167 nasterium
556 1129 929 1169 franciscanorum
958 1131 1221 1175 Andernaci,
1245 1131 1297 1169 ‹le
1317 1142 1405 1181 quo
1434 1132 1471 1169 et
1504 1142 1602 1169 cum
1633 1129 1899 1180 quibusdam

283 1192 457 1232 locutus
486 1196 565 1232 est.
598 1194 707 1232 Nam
745 1194 897 1233 doctor
938 1195 1117 1245 quidam
1161 1195 1323 1233 l{.³1¹¹¹··¹¹¹
1357 1195 1403 1234 D.
1436 1194 1816 1244 archiepiscopum
1857 1194 1896 1232 id

284 1256 329 1294 in
359 1257 508 1296 animo
538 1258 698 1297 hahere
728 1270 773 1297 se
804 1258 1087 1305 intellexisse,
1116 1259 1245 1298 nohis
1276 1259 1503 1298 indicauit.
1532 1258 1660 1306 Haec,
1693 1258 1902 1308 quamuis

282 1321 336 1360 ad
369 1322 591 1371 proximas
622 1322 770 1361 literas
802 1323 947 1373 potius
976 1313 1106 1374 quan]
1129 1324 1181 1363 ad
1208 1324 1314 1363 istas
1336 1324 1596 1374 pertineant,
1620 1322 1810 1362 scrihere
1840 1325 1901 1361 ta-

283 1397 382 1425 men
426 1387 561 1433 volui,
594 1390 635 1426 vt
673 1400 727 1426 an
760 1388 809 1427 V.
847 1389 893 1427 R.
926 1389 1159 1439 collegium
1205 1389 1249 1428 in
1293 1401 1343 1428 eo
1386 1389 1482 1427 loco
1527 1388 1729 1438 placeret,
1775 1387 1898 1426 breui

282 1450 392 1489 scire
423 1451 565 1495 liceat,
598 1464 685 1502 quo
716 1453 898 1492 vlterius
931 1465 1028 1492 cum
1061 1454 1391 1504 archiepiswpo
1434 1454 1486 1492 de
1529 1464 1579 1491 eo
1622 1454 1894 1491 tractaretur.

284 1515 400 1554 ldem
431 1516 482 1554 ad
521 1517 567 1556 Η.
602 1517 648 1556 P.
682 1517 997 1567 prouincialem
1029 1518 1278 1564 scribimus,
1305 1521 1346 1557 et
1376 1518 1472 1557 eius
1500 1517 1753 1558 consilium.
1777 1517 1901 1556 auxi-

281 1579 479 1631 liumque
508 1581 766 1632 expetimus.
798 1581 1016 1632 Oppidum
1051 1583 1164 1622 istud
1188 1583 1242 1622 ad
1267 1583 1466 1621 Rhenum
1499 1582 1581 1621 tria
1614 1581 1802 1620 miliaria
1833 1581 1897 1620 in-

282 1645 345 1683 fra
376 1644 698 1685 Contluentiam
729 1646 862 1686 situm
894 1649 973 1689 est.
1005 1648 1335 1687 accommodum
1366 1647 1475 1686 satis
1517 1646 1685 1686 triuiali
1720 1646 1899 1685 scholae

282 1712 457 1760 propter
485 1710 668 1761 collegia
699 1711 967 1755 coloniense,
1000 1714 1248 1751 treuerense
1277 1715 1313 1751 et
1348 1711 1703 1762 moguntinense,
1727 1712 1772 1750 in
1793 1723 1899 1762 quo-

282 1786 377 1813 rum
408 1775 552 1814 medio
581 1777 646 1814 est
666 1784 682 1801 ²¹
714 1778 742 1815 1.
778 1776 895 1815 Esset
919 1779 1063 1816 autem
1094 1777 1267 1816 occasio
1297 1777 1557 1816 Societatem
1578 1787 1753 1827 quoque
1774 1776 1898 1815 Colo-

280 1838 380 1878 niae
406 1839 547 1890 magis
570 1840 858 1890 promouendi
887 1843 927 1880 et
958 1841 1237 1888 stabiliendi3
1269 1853 1405 1892 quare
1428 1842 1465 1881 si
1488 1841 1537 1880 Y.
1563 1841 1612 1880 R.
1636 1841 1791 1891 placet.
1816 1841 1897 1879 hac

279 1904 510 1943 occasione
533 1907 715 1944 vtemur.
740 1906 984 1955 Impetrari,
1007 1906 1151 1950 credo,
1185 1909 1345 1956 posset,
1380 1909 1423 1945 vt
1457 1906 1590 1946 Rdus.
1625 1906 1674 1945 D.
1700 1905 1899 1945 redditus

280 1969 547 2008 monasterio
590 1970 848 2021 assignaret,
878 1973 919 2010 et
961 1971 1013 2010 de
1048 1972 1351 2011 transferendo
1393 1972 1446 2010 ad
1492 1971 1752 2011 Societatem
1795 1982 1894 2010 cum

279 2046 452 2074 summo
482 2034 687 2084 pontifice
716 2038 878 2085 ageret,
910 2037 952 2075 et
980 2048 1005 2074 a
1038 2036 1084 2075 V.
1118 2036 1169 2075 R.
1201 2036 1435 2087 collegium
1481 2038 1657 2086 peteret,
1689 2036 1897 2087 quemad·

280 2099 457 2138 modum
490 2099 777 2150 moguntinus
806 2102 846 2138 et
877 2100 1142 2139 treuerensis
1185 2101 1503 2151 archiepiscopi
1548 2101 1756 2140 fecerunt.
1794 2099 1897 2151 Spe-

279 2175 417 2203 rarem
440 2164 557 2215 quod
578 2165 855 2204 colonienses
876 2165 1041 2215 aliquot
1075 2168 1376 2215 praeceptores
1398 2168 1575 2216 possent
1596 2165 1895 2216 suppeditare.

278 2230 409 2280 atque
438 2229 796 2280 Duisseldorpiae
825 2233 867 2269 et
905 2230 950 2269 in
994 2242 1110 2269 noua
1144 2231 1457 2281 duislmrgensi
1489 2230 1776 2270 vniuersitate
1806 2242 1893 2269 non

278 2294 421 2338 multi,
453 2294 596 2341 credo,
629 2297 904 2334 remanerent
932 2307 1044 2345 quos
1073 2295 1280 2335 haeretici
1324 2295 1389 2334 illi
1434 2298 1735 2346 praeceptores
1769 2295 1894 2334 sedu-

276 2361 436 2398 cerent.
471 2359 579 2398 Nam
611 2359 903 2406 Monhemius,
936 2360 1345 2410 Duisseldorpensis
1375 2361 1551 2399 scholae
1590 2362 1743 2407 rector,
1778 2371 1896 2399 nunc

278 2423 407 2473 plane
436 2423 550 2473 silet,
583 2426 624 2462 et
654 2424 699 2462 in
730 2436 934 2474 magnam
964 2424 1089 2464 ducis
1120 2424 1470 2475 indignationem
1514 2425 1669 2464 incidit
1699 2427 1795 2475 post
1826 2436 1893 2463 ae-

276 2488 413 2527 ditam
442 2488 697 2527 catechismi
726 2488 1071 2528 confutationem
1103 2501 1126 2528 a
1158 2490 1322 2528 nostris
1351 2490 1570 2540 theologis
1597 2491 1638 2535 ‘2;
1670 2492 1801 2540 atque
1832 2491 1892 2535 (vt

276 2553 500 2602 audimus)
530 2553 744 2603 prolixior
772 2555 924 2592 contra
966 2565 1065 2592 eum
1109 2553 1221 2592 liber
1262 2566 1285 2592 a
1330 2554 1667 2594 louaniensihus
1697 2556 1893 2605 paratur-

336 2720 352 2738 a
374 2713 430 2744 est
453 2721 578 2752 snpra
608 2721 705 2744 vers.

336 2854 346 2871 ¹
370 2852 449 2884 Non
473 2852 620 2884 videtur
641 2852 829 2884 conditum
853 2853 1047 2894 collegium
1064 2853 1242 2885 Soc.Ies11
1269 2854 1306 2885 in
1333 2854 1420 2885 urbe
1438 2855 1669 2887 Andernach.
1696 2855 1773 2887 Non
1791 2856 1889 2888 enim

274 2905 465 2937 invenitur
487 2905 568 2937 eius
592 2905 729 2937 mentio
752 2914 817 2937 nec
841 2905 879 2937 in
903 2905 1070 2946 catalogo
1093 2906 1180 2937 anni
1208 2907 1287 2938 1710
1308 2907 1404 2947 apud
1430 2907 1644 2939 Iuvencium
1667 2908 1786 2947 (His-t.
1804 2908 1888 2940 Soc.

274 2958 364 2990 Iesu
388 2959 482 2999 part.
507 2958 661 2999 quintae
684 2959 769 2989 tom.
795 2959 888 2999 post.
914 2958 1049 2990 Romae
1072 2958 1255 2998 MDCCX),
1281 2968 1346 2991 nec
1370 2960 1407 2991 in
1432 2960 1600 3001 catalogo
1630 2961 1766 2993 Romae
1789 2962 1893 2993 edito

274 3020 372 3043 anno
397 3012 486 3044 1749.

336 3067 348 3083 ‘³
370 3064 421 3096 (lt'.
447 3065 569 3096 tamen
595 3064 755 3100 HANSEN,
782 3064 803 3096 1.
829 3074 858 3096 (².
886 3074 918 3105 p.
943 3064 1014 3100 378,
1040 3066 1165 3096 annot.
1196 3066 1220 3096 1.
