<?xml version="1.0" encoding="UTF-8"?>
<!DOCTYPE html PUBLIC "-//W3C//DTD XHTML 1.0 Transitional//EN"
    "http://www.w3.org/TR/xhtml1/DTD/xhtml1-transitional.dtd">
<html xmlns="http://www.w3.org/1999/xhtml" xml:lang="en" lang="en">
 <head>
  <title>
</title>
<meta http-equiv="Content-Type" content="text/html;charset=utf-8" />
  <meta name='ocr-system' content='tesseract 3.04.00' />
  <meta name='ocr-capabilities' content='ocr_page ocr_carea ocr_par ocr_line ocrx_word'/>
</head>
<body>
  <div class='ocr_page' id='page_1' title='image "./litteraequadrime1907lain_0502.png"; bbox 0 0 2028 3531; ppageno 0'>
   <div class='ocr_carea' id='block_1_1' title="bbox 335 281 1380 327">
    <p class='ocr_par' dir='ltr' id='par_1_1' title="bbox 335 281 1380 327">
     <span class='ocr_line' id='line_1_1' title="bbox 335 281 1380 327; baseline -0.002 -8"><span class='ocrx_word' id='word_1_1' title='bbox 335 281 405 319; x_wconf 80' lang='lat'>476</span> <span class='ocrx_word' id='word_1_2' title='bbox 804 282 1008 320; x_wconf 70' lang='lat' dir='ltr'>errmzAa</span> <span class='ocrx_word' id='word_1_3' title='bbox 1035 282 1380 327; x_wconf 62' lang='lat' dir='ltr'>QuAnmmssTnns</span> 
     </span>
    </p>
   </div>
   <div class='ocr_carea' id='block_1_2' title="bbox 283 398 1908 2002">
    <p class='ocr_par' dir='ltr' id='par_1_2' title="bbox 283 398 1908 2002">
     <span class='ocr_line' id='line_1_2' title="bbox 287 398 1907 449; baseline 0.001 -11"><span class='ocrx_word' id='word_1_4' title='bbox 287 399 408 439; x_wconf 80' lang='lat' dir='ltr'>varia</span> <span class='ocrx_word' id='word_1_5' title='bbox 451 399 610 440; x_wconf 86' lang='lat' dir='ltr'>deinde</span> <span class='ocrx_word' id='word_1_6' title='bbox 651 402 809 448; x_wconf 87' lang='lat' dir='ltr'>castra,</span> <span class='ocrx_word' id='word_1_7' title='bbox 841 400 1193 441; x_wconf 86' lang='lat' dir='ltr'>illustrissimum</span> <span class='ocrx_word' id='word_1_8' title='bbox 1240 398 1481 449; x_wconf 87' lang='lat' dir='ltr'>principem</span> <span class='ocrx_word' id='word_1_9' title='bbox 1523 398 1771 447; x_wconf 80' lang='lat' dir='ltr'>comitatae,</span> <span class='ocrx_word' id='word_1_10' title='bbox 1811 411 1907 441; x_wconf 86' lang='lat' dir='ltr'>sese</span> 
     </span>
     <span class='ocr_line' id='line_1_3' title="bbox 286 463 1907 514; baseline 0.001 -10"><span class='ocrx_word' id='word_1_11' title='bbox 286 464 602 513; x_wconf 87' lang='lat' dir='ltr'>contulissent;</span> <span class='ocrx_word' id='word_1_12' title='bbox 626 465 751 506; x_wconf 88' lang='lat' dir='ltr'>iussu</span> <span class='ocrx_word' id='word_1_13' title='bbox 772 469 815 507; x_wconf 88' lang='lat' dir='ltr'>et</span> <span class='ocrx_word' id='word_1_14' title='bbox 836 466 1064 506; x_wconf 86' lang='lat' dir='ltr'>uoluntate</span> <span class='ocrx_word' id='word_1_15' title='bbox 1094 463 1387 504; x_wconf 78' lang='lat' dir='ltr'>illustrissimi</span> <span class='ocrx_word' id='word_1_16' title='bbox 1418 463 1632 514; x_wconf 89' lang='lat' dir='ltr'>principis</span> <span class='ocrx_word' id='word_1_17' title='bbox 1652 464 1845 506; x_wconf 88' lang='lat' dir='ltr'>secundo</span> <span class='ocrx_word' id='word_1_18' title='bbox 1865 466 1907 506; x_wconf 85' lang='lat' dir='ltr'>et</span> 
     </span>
     <span class='ocr_line' id='line_1_4' title="bbox 286 528 1907 580; baseline 0.001 -12"><span class='ocrx_word' id='word_1_19' title='bbox 286 528 429 576; x_wconf 88' lang='lat' dir='ltr'>terlio,</span> <span class='ocrx_word' id='word_1_20' title='bbox 462 541 578 570; x_wconf 89' lang='lat' dir='ltr'>unus</span> <span class='ocrx_word' id='word_1_21' title='bbox 607 542 659 571; x_wconf 87' lang='lat' dir='ltr'>ex</span> <span class='ocrx_word' id='word_1_22' title='bbox 688 531 853 571; x_wconf 87' lang='lat' dir='ltr'>nostris</span> <span class='ocrx_word' id='word_1_23' title='bbox 882 532 1092 571; x_wconf 87' lang='lat' dir='ltr'>euocatus</span> <span class='ocrx_word' id='word_1_24' title='bbox 1127 529 1224 576; x_wconf 88' lang='lat' dir='ltr'>fuit,</span> <span class='ocrx_word' id='word_1_25' title='bbox 1257 528 1333 579; x_wconf 88' lang='lat' dir='ltr'>qui</span> <span class='ocrx_word' id='word_1_26' title='bbox 1363 539 1511 568; x_wconf 87' lang='lat' dir='ltr'>coram</span> <span class='ocrx_word' id='word_1_27' title='bbox 1541 528 1605 568; x_wconf 91' lang='lat' dir='ltr'>eis</span> <span class='ocrx_word' id='word_1_28' title='bbox 1633 530 1675 568; x_wconf 90' lang='lat' dir='ltr'>et</span> <span class='ocrx_word' id='word_1_29' title='bbox 1705 528 1907 580; x_wconf 84' lang='lat' dir='ltr'>frequen-</span> 
     </span>
     <span class='ocr_line' id='line_1_5' title="bbox 287 592 1906 643; baseline 0.001 -11"><span class='ocrx_word' id='word_1_30' title='bbox 287 592 459 633; x_wconf 88' lang='lat' dir='ltr'>tissima</span> <span class='ocrx_word' id='word_1_31' title='bbox 502 594 734 635; x_wconf 84' lang='lat' dir='ltr'>nobilitate</span> <span class='ocrx_word' id='word_1_32' title='bbox 775 595 919 635; x_wconf 92' lang='lat' dir='ltr'>diuini</span> <span class='ocrx_word' id='word_1_33' title='bbox 951 595 1070 634; x_wconf 90' lang='lat' dir='ltr'>verbi</span> <span class='ocrx_word' id='word_1_34' title='bbox 1113 593 1397 633; x_wconf 77' lang='lat' dir='ltr'>ecclesiasten</span> <span class='ocrx_word' id='word_1_35' title='bbox 1445 594 1606 643; x_wconf 81' lang='lat' dir='ltr'>ageret.</span> <span class='ocrx_word' id='word_1_36' title='bbox 1657 592 1758 632; x_wconf 88' lang='lat' dir='ltr'>Alia</span> <span class='ocrx_word' id='word_1_37' title='bbox 1801 595 1906 634; x_wconf 88' lang='lat' dir='ltr'>sunt</span> 
     </span>
     <span class='ocr_line' id='line_1_6' title="bbox 287 656 1903 710; baseline 0.001 -13"><span class='ocrx_word' id='word_1_38' title='bbox 287 657 423 697; x_wconf 88' lang='lat' dir='ltr'>huius</span> <span class='ocrx_word' id='word_1_39' title='bbox 465 658 639 709; x_wconf 86' lang='lat' dir='ltr'>generis</span> <span class='ocrx_word' id='word_1_40' title='bbox 666 671 799 710; x_wconf 90' lang='lat' dir='ltr'>quam</span> <span class='ocrx_word' id='word_1_41' title='bbox 842 659 1047 710; x_wconf 89' lang='lat' dir='ltr'>plurima,</span> <span class='ocrx_word' id='word_1_42' title='bbox 1079 658 1243 709; x_wconf 88' lang='lat' dir='ltr'>quibus</span> <span class='ocrx_word' id='word_1_43' title='bbox 1286 656 1556 707; x_wconf 85' lang='lat' dir='ltr'>praeclaram</span> <span class='ocrx_word' id='word_1_44' title='bbox 1599 657 1722 697; x_wconf 90' lang='lat' dir='ltr'>illam</span> <span class='ocrx_word' id='word_1_45' title='bbox 1760 668 1903 705; x_wconf 86' lang='lat' dir='ltr'>suam,</span> 
     </span>
     <span class='ocr_line' id='line_1_7' title="bbox 285 721 1903 774; baseline 0.001 -12"><span class='ocrx_word' id='word_1_46' title='bbox 285 734 417 773; x_wconf 89' lang='lat' dir='ltr'>quam</span> <span class='ocrx_word' id='word_1_47' title='bbox 448 723 501 762; x_wconf 91' lang='lat' dir='ltr'>de</span> <span class='ocrx_word' id='word_1_48' title='bbox 522 724 651 763; x_wconf 87' lang='lat' dir='ltr'>nobis</span> <span class='ocrx_word' id='word_1_49' title='bbox 670 724 870 774; x_wconf 82' lang='lat' dir='ltr'>concepit</span> <span class='ocrx_word' id='word_1_50' title='bbox 899 724 1170 774; x_wconf 77' lang='lat' dir='ltr'>opinionem,</span> <span class='ocrx_word' id='word_1_51' title='bbox 1193 721 1404 761; x_wconf 88' lang='lat' dir='ltr'>omnibus</span> <span class='ocrx_word' id='word_1_52' title='bbox 1424 721 1528 761; x_wconf 85' lang='lat' dir='ltr'>facit</span> <span class='ocrx_word' id='word_1_53' title='bbox 1556 721 1903 763; x_wconf 84' lang='lat' dir='ltr'>testatissimam.</span> 
     </span>
     <span class='ocr_line' id='line_1_8' title="bbox 287 785 1908 839; baseline 0.001 -13"><span class='ocrx_word' id='word_1_54' title='bbox 287 787 547 838; x_wconf 85' lang='lat' dir='ltr'>Experimur</span> <span class='ocrx_word' id='word_1_55' title='bbox 575 788 707 828; x_wconf 88' lang='lat' dir='ltr'>etiam</span> <span class='ocrx_word' id='word_1_56' title='bbox 750 800 839 828; x_wconf 94' lang='lat' dir='ltr'>non</span> <span class='ocrx_word' id='word_1_57' title='bbox 870 789 1098 839; x_wconf 82' lang='lat' dir='ltr'>uulgarem</span> <span class='ocrx_word' id='word_1_58' title='bbox 1141 787 1329 826; x_wconf 89' lang='lat' dir='ltr'>aliarum</span> <span class='ocrx_word' id='word_1_59' title='bbox 1368 785 1784 826; x_wconf 85' lang='lat' dir='ltr'>honestissimarum</span> <span class='ocrx_word' id='word_1_60' title='bbox 1814 798 1908 837; x_wconf 88' lang='lat' dir='ltr'>per-</span> 
     </span>
     <span class='ocr_line' id='line_1_9' title="bbox 286 850 1904 904; baseline 0.001 -14"><span class='ocrx_word' id='word_1_61' title='bbox 286 862 496 892; x_wconf 85' lang='lat' dir='ltr'>sonarum</span> <span class='ocrx_word' id='word_1_62' title='bbox 526 864 628 904; x_wconf 85' lang='lat' dir='ltr'>erga</span> <span class='ocrx_word' id='word_1_63' title='bbox 670 865 753 893; x_wconf 88' lang='lat' dir='ltr'>nos</span> <span class='ocrx_word' id='word_1_64' title='bbox 784 853 1136 904; x_wconf 78' lang='lat' dir='ltr'>propensionem,</span> <span class='ocrx_word' id='word_1_65' title='bbox 1168 863 1266 891; x_wconf 89' lang='lat' dir='ltr'>cum</span> <span class='ocrx_word' id='word_1_66' title='bbox 1312 850 1518 890; x_wconf 91' lang='lat' dir='ltr'>uidelicet</span> <span class='ocrx_word' id='word_1_67' title='bbox 1560 862 1678 890; x_wconf 90' lang='lat' dir='ltr'>nunc</span> <span class='ocrx_word' id='word_1_68' title='bbox 1724 851 1904 900; x_wconf 81' lang='lat' dir='ltr'>casuliS‚</span> 
     </span>
     <span class='ocr_line' id='line_1_10' title="bbox 287 915 1905 967; baseline 0 -12"><span class='ocrx_word' id='word_1_69' title='bbox 287 927 405 956; x_wconf 90' lang='lat' dir='ltr'>nunc</span> <span class='ocrx_word' id='word_1_70' title='bbox 434 917 595 967; x_wconf 91' lang='lat' dir='ltr'>pannis</span> <span class='ocrx_word' id='word_1_71' title='bbox 637 918 888 967; x_wconf 80' lang='lat' dir='ltr'>elaboratis,</span> <span class='ocrx_word' id='word_1_72' title='bbox 919 930 1036 957; x_wconf 91' lang='lat' dir='ltr'>nunc</span> <span class='ocrx_word' id='word_1_73' title='bbox 1082 916 1243 956; x_wconf 76' lang='lat' dir='ltr'>statuis</span> <span class='ocrx_word' id='word_1_74' title='bbox 1272 918 1312 955; x_wconf 89' lang='lat' dir='ltr'>et</span> <span class='ocrx_word' id='word_1_75' title='bbox 1356 915 1629 966; x_wconf 78' lang='lat' dir='ltr'>imaginibus</span> <span class='ocrx_word' id='word_1_76' title='bbox 1666 915 1905 963; x_wconf 89' lang='lat' dir='ltr'>deauratis,</span> 
     </span>
     <span class='ocr_line' id='line_1_11' title="bbox 286 980 1904 1032; baseline 0.001 -13"><span class='ocrx_word' id='word_1_77' title='bbox 286 980 389 1030; x_wconf 87' lang='lat' dir='ltr'>alijs</span> <span class='ocrx_word' id='word_1_78' title='bbox 431 981 476 1020; x_wconf 91' lang='lat' dir='ltr'>id</span> <span class='ocrx_word' id='word_1_79' title='bbox 518 994 658 1032; x_wconf 84' lang='lat' dir='ltr'>genus</span> <span class='ocrx_word' id='word_1_80' title='bbox 700 983 988 1029; x_wconf 89' lang='lat' dir='ltr'>ornamentis,</span> <span class='ocrx_word' id='word_1_81' title='bbox 1033 982 1171 1021; x_wconf 89' lang='lat' dir='ltr'>altare</span> <span class='ocrx_word' id='word_1_82' title='bbox 1214 982 1415 1020; x_wconf 89' lang='lat' dir='ltr'>nostrum</span> <span class='ocrx_word' id='word_1_83' title='bbox 1459 980 1665 1020; x_wconf 88' lang='lat' dir='ltr'>decorare</span> <span class='ocrx_word' id='word_1_84' title='bbox 1711 980 1904 1020; x_wconf 83' lang='lat' dir='ltr'>student.</span> 
     </span>
     <span class='ocr_line' id='line_1_12' title="bbox 287 1044 1908 1097; baseline 0.001 -14"><span class='ocrx_word' id='word_1_85' title='bbox 287 1044 411 1084; x_wconf 67' lang='lat' dir='ltr'>R.diSS</span> <span class='ocrx_word' id='word_1_86' title='bbox 450 1046 713 1097; x_wconf 85' lang='lat' dir='ltr'>Delphinus,</span> <span class='ocrx_word' id='word_1_87' title='bbox 747 1047 937 1087; x_wconf 91' lang='lat' dir='ltr'>nuncius</span> <span class='ocrx_word' id='word_1_88' title='bbox 978 1046 1250 1097; x_wconf 77' lang='lat' dir='ltr'>apostolicus</span> <span class='ocrx_word' id='word_1_89' title='bbox 1291 1045 1599 1096; x_wconf 82' lang='lat' dir='ltr'>dignissimus,</span> <span class='ocrx_word' id='word_1_90' title='bbox 1630 1057 1731 1085; x_wconf 88' lang='lat' dir='ltr'>cum</span> <span class='ocrx_word' id='word_1_91' title='bbox 1760 1045 1908 1084; x_wconf 90' lang='lat' dir='ltr'>Mona-</span> 
     </span>
     <span class='ocr_line' id='line_1_13' title="bbox 285 1109 1908 1161; baseline 0.001 -13"><span class='ocrx_word' id='word_1_92' title='bbox 285 1109 434 1149; x_wconf 90' lang='lat' dir='ltr'>chium</span> <span class='ocrx_word' id='word_1_93' title='bbox 478 1110 642 1161; x_wconf 87' lang='lat' dir='ltr'>elapsis</span> <span class='ocrx_word' id='word_1_94' title='bbox 672 1112 900 1151; x_wconf 88' lang='lat' dir='ltr'>mensibus</span> <span class='ocrx_word' id='word_1_95' title='bbox 941 1112 996 1150; x_wconf 90' lang='lat' dir='ltr'>ad</span> <span class='ocrx_word' id='word_1_96' title='bbox 1026 1110 1263 1150; x_wconf 89' lang='lat' dir='ltr'>concilium</span> <span class='ocrx_word' id='word_1_97' title='bbox 1293 1109 1520 1149; x_wconf 81' lang='lat' dir='ltr'>illustriss.</span> <span class='ocrx_word' id='word_1_98' title='bbox 1563 1109 1805 1160; x_wconf 85' lang='lat' dir='ltr'>principem</span> <span class='ocrx_word' id='word_1_99' title='bbox 1835 1121 1908 1149; x_wconf 88' lang='lat' dir='ltr'>vo-</span> 
     </span>
     <span class='ocr_line' id='line_1_14' title="bbox 285 1174 1908 1226; baseline 0 -13"><span class='ocrx_word' id='word_1_100' title='bbox 285 1176 465 1214; x_wconf 88' lang='lat' dir='ltr'>caturus</span> <span class='ocrx_word' id='word_1_101' title='bbox 507 1176 778 1221; x_wconf 83' lang='lat' dir='ltr'>accessisset,</span> <span class='ocrx_word' id='word_1_102' title='bbox 809 1176 1015 1216; x_wconf 88' lang='lat' dir='ltr'>eximiam</span> <span class='ocrx_word' id='word_1_103' title='bbox 1045 1175 1268 1226; x_wconf 88' lang='lat' dir='ltr'>quandam</span> <span class='ocrx_word' id='word_1_104' title='bbox 1300 1174 1369 1214; x_wconf 89' lang='lat' dir='ltr'>sui</span> <span class='ocrx_word' id='word_1_105' title='bbox 1405 1186 1507 1225; x_wconf 82' lang='lat' dir='ltr'>erga</span> <span class='ocrx_word' id='word_1_106' title='bbox 1537 1186 1619 1214; x_wconf 91' lang='lat' dir='ltr'>nos</span> <span class='ocrx_word' id='word_1_107' title='bbox 1648 1174 1813 1214; x_wconf 90' lang='lat' dir='ltr'>amoris</span> <span class='ocrx_word' id='word_1_108' title='bbox 1841 1174 1908 1214; x_wconf 89' lang='lat' dir='ltr'>de-</span> 
     </span>
     <span class='ocr_line' id='line_1_15' title="bbox 285 1238 1904 1292; baseline 0.001 -15"><span class='ocrx_word' id='word_1_109' title='bbox 285 1238 350 1278; x_wconf 91' lang='lat' dir='ltr'>dit</span> <span class='ocrx_word' id='word_1_110' title='bbox 379 1239 746 1290; x_wconf 77' lang='lat' dir='ltr'>significationem</span> <span class='ocrx_word' id='word_1_111' title='bbox 766 1254 775 1287; x_wconf 84' lang='grc'>;</span> <span class='ocrx_word' id='word_1_112' title='bbox 799 1243 841 1280; x_wconf 91' lang='lat' dir='ltr'>et</span> <span class='ocrx_word' id='word_1_113' title='bbox 861 1243 959 1291; x_wconf 92' lang='lat' dir='ltr'>post</span> <span class='ocrx_word' id='word_1_114' title='bbox 980 1240 1119 1280; x_wconf 89' lang='lat' dir='ltr'>multa</span> <span class='ocrx_word' id='word_1_115' title='bbox 1141 1239 1419 1278; x_wconf 85' lang='lat' dir='ltr'>familiariter</span> <span class='ocrx_word' id='word_1_116' title='bbox 1443 1239 1676 1292; x_wconf 81' lang='lat' dir='ltr'>nobiscum</span> <span class='ocrx_word' id='word_1_117' title='bbox 1706 1240 1904 1286; x_wconf 88' lang='lat' dir='ltr'>tractata,</span> 
     </span>
     <span class='ocr_line' id='line_1_16' title="bbox 285 1302 1907 1354; baseline 0.001 -13"><span class='ocrx_word' id='word_1_118' title='bbox 285 1303 435 1342; x_wconf 89' lang='lat' dir='ltr'>omnia</span> <span class='ocrx_word' id='word_1_119' title='bbox 474 1304 649 1343; x_wconf 88' lang='lat' dir='ltr'>tandem</span> <span class='ocrx_word' id='word_1_120' title='bbox 679 1316 725 1344; x_wconf 86' lang='lat' dir='ltr'>se</span> <span class='ocrx_word' id='word_1_121' title='bbox 768 1305 907 1344; x_wconf 87' lang='lat' dir='ltr'>nostri</span> <span class='ocrx_word' id='word_1_122' title='bbox 938 1316 1071 1344; x_wconf 87' lang='lat' dir='ltr'>causa</span> <span class='ocrx_word' id='word_1_123' title='bbox 1115 1304 1333 1343; x_wconf 84' lang='lat' dir='ltr'>facturum</span> <span class='ocrx_word' id='word_1_124' title='bbox 1362 1303 1553 1354; x_wconf 84' lang='lat' dir='ltr'>benigne</span> <span class='ocrx_word' id='word_1_125' title='bbox 1592 1302 1807 1354; x_wconf 87' lang='lat' dir='ltr'>promisit.</span> <span class='ocrx_word' id='word_1_126' title='bbox 1838 1302 1907 1342; x_wconf 90' lang='lat' dir='ltr'>Ad</span> 
     </span>
     <span class='ocr_line' id='line_1_17' title="bbox 286 1367 1907 1420; baseline 0.001 -14"><span class='ocrx_word' id='word_1_127' title='bbox 286 1367 393 1407; x_wconf 89' lang='lat' dir='ltr'>haec</span> <span class='ocrx_word' id='word_1_128' title='bbox 435 1371 691 1409; x_wconf 86' lang='lat' dir='ltr'>curaturum</span> <span class='ocrx_word' id='word_1_129' title='bbox 722 1381 767 1409; x_wconf 94' lang='lat' dir='ltr'>se</span> <span class='ocrx_word' id='word_1_130' title='bbox 810 1370 986 1420; x_wconf 87' lang='lat' dir='ltr'>recepit,</span> <span class='ocrx_word' id='word_1_131' title='bbox 1020 1371 1064 1408; x_wconf 93' lang='lat' dir='ltr'>vt</span> <span class='ocrx_word' id='word_1_132' title='bbox 1094 1370 1267 1409; x_wconf 90' lang='lat' dir='ltr'>labores</span> <span class='ocrx_word' id='word_1_133' title='bbox 1310 1370 1352 1407; x_wconf 93' lang='lat' dir='ltr'>et</span> <span class='ocrx_word' id='word_1_134' title='bbox 1394 1368 1541 1407; x_wconf 89' lang='lat' dir='ltr'>studia</span> <span class='ocrx_word' id='word_1_135' title='bbox 1584 1369 1751 1417; x_wconf 88' lang='lat' dir='ltr'>nostra,</span> <span class='ocrx_word' id='word_1_136' title='bbox 1795 1379 1907 1419; x_wconf 88' lang='lat' dir='ltr'>quae</span> 
     </span>
     <span class='ocr_line' id='line_1_18' title="bbox 285 1431 1906 1484; baseline 0.001 -14"><span class='ocrx_word' id='word_1_137' title='bbox 285 1431 508 1472; x_wconf 89' lang='lat' dir='ltr'>iuuandae</span> <span class='ocrx_word' id='word_1_138' title='bbox 538 1436 602 1473; x_wconf 87' lang='lat' dir='ltr'>ter</span> <span class='ocrx_word' id='word_1_139' title='bbox 631 1434 816 1473; x_wconf 85' lang='lat' dir='ltr'>miserae</span> <span class='ocrx_word' id='word_1_140' title='bbox 845 1435 950 1474; x_wconf 92' lang='lat' dir='ltr'>huic</span> <span class='ocrx_word' id='word_1_141' title='bbox 979 1433 1240 1474; x_wconf 87' lang='lat' dir='ltr'>Germaniae</span> <span class='ocrx_word' id='word_1_142' title='bbox 1283 1433 1598 1483; x_wconf 77' lang='lat' dir='ltr'>impendimus,</span> <span class='ocrx_word' id='word_1_143' title='bbox 1630 1433 1685 1472; x_wconf 85' lang='lat' dir='ltr'>ad</span> <span class='ocrx_word' id='word_1_144' title='bbox 1715 1444 1906 1484; x_wconf 83' lang='lat' dir='ltr'>vnguem</span> 
     </span>
     <span class='ocr_line' id='line_1_19' title="bbox 286 1496 1904 1549; baseline 0.001 -14"><span class='ocrx_word' id='word_1_145' title='bbox 286 1496 507 1548; x_wconf 83' lang='lat' dir='ltr'>intelligat</span> <span class='ocrx_word' id='word_1_146' title='bbox 549 1510 750 1538; x_wconf 86' lang='lat' dir='ltr'>summus</span> <span class='ocrx_word' id='word_1_147' title='bbox 793 1499 1004 1549; x_wconf 86' lang='lat' dir='ltr'>pontifex.</span> <span class='ocrx_word' id='word_1_148' title='bbox 1051 1499 1164 1538; x_wconf 84' lang='lat' dir='ltr'>Sunt</span> <span class='ocrx_word' id='word_1_149' title='bbox 1207 1497 1414 1548; x_wconf 87' lang='lat' dir='ltr'>permulti</span> <span class='ocrx_word' id='word_1_150' title='bbox 1458 1497 1532 1548; x_wconf 90' lang='lat' dir='ltr'>alij</span> <span class='ocrx_word' id='word_1_151' title='bbox 1567 1497 1776 1548; x_wconf 90' lang='lat' dir='ltr'>primates</span> <span class='ocrx_word' id='word_1_152' title='bbox 1805 1497 1904 1545; x_wconf 89' lang='lat' dir='ltr'>viri,</span> 
     </span>
     <span class='ocr_line' id='line_1_20' title="bbox 283 1561 1907 1614; baseline 0.001 -14"><span class='ocrx_word' id='word_1_153' title='bbox 283 1572 396 1611; x_wconf 78' lang='lat' dir='ltr'>quos</span> <span class='ocrx_word' id='word_1_154' title='bbox 425 1573 647 1602; x_wconf 89' lang='lat' dir='ltr'>recensere</span> <span class='ocrx_word' id='word_1_155' title='bbox 677 1563 812 1602; x_wconf 89' lang='lat' dir='ltr'>nimis</span> <span class='ocrx_word' id='word_1_156' title='bbox 841 1563 1023 1614; x_wconf 80' lang='lat' dir='ltr'>longum</span> <span class='ocrx_word' id='word_1_157' title='bbox 1054 1565 1178 1612; x_wconf 83' lang='lat' dir='ltr'>foret,</span> <span class='ocrx_word' id='word_1_158' title='bbox 1210 1563 1393 1602; x_wconf 84' lang='lat' dir='ltr'>abbates</span> <span class='ocrx_word' id='word_1_159' title='bbox 1421 1562 1569 1610; x_wconf 87' lang='lat' dir='ltr'>etiam,</span> <span class='ocrx_word' id='word_1_160' title='bbox 1592 1562 1669 1613; x_wconf 87' lang='lat' dir='ltr'>qui</span> <span class='ocrx_word' id='word_1_161' title='bbox 1698 1561 1907 1602; x_wconf 89' lang='lat' dir='ltr'>omnibus</span> 
     </span>
     <span class='ocr_line' id='line_1_21' title="bbox 285 1626 1907 1679; baseline 0.001 -14"><span class='ocrx_word' id='word_1_162' title='bbox 285 1626 429 1666; x_wconf 89' lang='lat' dir='ltr'>modis</span> <span class='ocrx_word' id='word_1_163' title='bbox 457 1638 538 1666; x_wconf 91' lang='lat' dir='ltr'>suo</span> <span class='ocrx_word' id='word_1_164' title='bbox 569 1639 650 1667; x_wconf 90' lang='lat' dir='ltr'>nos</span> <span class='ocrx_word' id='word_1_165' title='bbox 696 1628 844 1667; x_wconf 83' lang='lat' dir='ltr'>fauore</span> <span class='ocrx_word' id='word_1_166' title='bbox 888 1628 1058 1675; x_wconf 81' lang='lat' dir='ltr'>fulcire,</span> <span class='ocrx_word' id='word_1_167' title='bbox 1091 1639 1259 1679; x_wconf 85' lang='lat' dir='ltr'>suaque</span> <span class='ocrx_word' id='word_1_168' title='bbox 1298 1627 1567 1667; x_wconf 81' lang='lat' dir='ltr'>authoritate</span> <span class='ocrx_word' id='word_1_169' title='bbox 1597 1626 1709 1666; x_wconf 87' lang='lat' dir='ltr'>tueri</span> <span class='ocrx_word' id='word_1_170' title='bbox 1738 1628 1780 1666; x_wconf 92' lang='lat' dir='ltr'>et</span> <span class='ocrx_word' id='word_1_171' title='bbox 1810 1639 1907 1677; x_wconf 92' lang='lat' dir='ltr'>pro-</span> 
     </span>
     <span class='ocr_line' id='line_1_22' title="bbox 285 1691 1906 1743; baseline 0.001 -14"><span class='ocrx_word' id='word_1_172' title='bbox 285 1703 462 1731; x_wconf 86' lang='lat' dir='ltr'>mouere</span> <span class='ocrx_word' id='word_1_173' title='bbox 504 1693 787 1733; x_wconf 87' lang='lat' dir='ltr'>contendant.</span> <span class='ocrx_word' id='word_1_174' title='bbox 835 1693 952 1732; x_wconf 90' lang='lat' dir='ltr'>Haec</span> <span class='ocrx_word' id='word_1_175' title='bbox 994 1696 1113 1739; x_wconf 87' lang='lat' dir='ltr'>sunt,</span> <span class='ocrx_word' id='word_1_176' title='bbox 1147 1693 1198 1732; x_wconf 84' lang='lat' dir='ltr'>R.</span> <span class='ocrx_word' id='word_1_177' title='bbox 1233 1693 1298 1739; x_wconf 90' lang='lat' dir='ltr'>P.,</span> <span class='ocrx_word' id='word_1_178' title='bbox 1330 1704 1443 1743; x_wconf 88' lang='lat' dir='ltr'>quae</span> <span class='ocrx_word' id='word_1_179' title='bbox 1473 1692 1556 1731; x_wconf 89' lang='lat' dir='ltr'>hoc</span> <span class='ocrx_word' id='word_1_180' title='bbox 1593 1691 1906 1742; x_wconf 88' lang='lat' dir='ltr'>quadrimestri</span> 
     </span>
     <span class='ocr_line' id='line_1_23' title="bbox 284 1756 1906 1808; baseline 0.001 -14"><span class='ocrx_word' id='word_1_181' title='bbox 284 1756 364 1795; x_wconf 87' lang='lat' dir='ltr'>tibi</span> <span class='ocrx_word' id='word_1_182' title='bbox 394 1757 687 1807; x_wconf 82' lang='lat' dir='ltr'>significanda</span> <span class='ocrx_word' id='word_1_183' title='bbox 716 1758 985 1798; x_wconf 89' lang='lat' dir='ltr'>censuimus.</span> <span class='ocrx_word' id='word_1_184' title='bbox 1008 1758 1134 1807; x_wconf 82' lang='lat' dir='ltr'>Quod</span> <span class='ocrx_word' id='word_1_185' title='bbox 1164 1757 1386 1808; x_wconf 88' lang='lat' dir='ltr'>reliquum</span> <span class='ocrx_word' id='word_1_186' title='bbox 1416 1759 1497 1804; x_wconf 88' lang='lat' dir='ltr'>est,</span> <span class='ocrx_word' id='word_1_187' title='bbox 1521 1757 1602 1796; x_wconf 89' lang='lat' dir='ltr'>tibi</span> <span class='ocrx_word' id='word_1_188' title='bbox 1633 1768 1702 1796; x_wconf 87' lang='lat' dir='ltr'>res</span> <span class='ocrx_word' id='word_1_189' title='bbox 1731 1758 1906 1796; x_wconf 87' lang='lat' dir='ltr'>nostras</span> 
     </span>
     <span class='ocr_line' id='line_1_24' title="bbox 283 1821 1907 1873; baseline 0.001 -14"><span class='ocrx_word' id='word_1_190' title='bbox 283 1832 437 1860; x_wconf 89' lang='lat' dir='ltr'>omnes</span> <span class='ocrx_word' id='word_1_191' title='bbox 466 1833 635 1873; x_wconf 85' lang='lat' dir='ltr'>nosque</span> <span class='ocrx_word' id='word_1_192' title='bbox 679 1824 793 1862; x_wconf 88' lang='lat' dir='ltr'>totos</span> <span class='ocrx_word' id='word_1_193' title='bbox 823 1823 912 1862; x_wconf 90' lang='lat' dir='ltr'>tuis</span> <span class='ocrx_word' id='word_1_194' title='bbox 954 1822 1184 1873; x_wconf 86' lang='lat' dir='ltr'>sacrificijs</span> <span class='ocrx_word' id='word_1_195' title='bbox 1213 1824 1255 1861; x_wconf 88' lang='lat' dir='ltr'>et</span> <span class='ocrx_word' id='word_1_196' title='bbox 1283 1822 1562 1862; x_wconf 86' lang='lat' dir='ltr'>orationibus</span> <span class='ocrx_word' id='word_1_197' title='bbox 1596 1821 1762 1861; x_wconf 89' lang='lat' dir='ltr'>sanctis</span> <span class='ocrx_word' id='word_1_198' title='bbox 1791 1833 1907 1861; x_wconf 91' lang='lat' dir='ltr'>com-</span> 
     </span>
     <span class='ocr_line' id='line_1_25' title="bbox 284 1884 1906 1937; baseline 0 -13"><span class='ocrx_word' id='word_1_199' title='bbox 284 1885 560 1932; x_wconf 84' lang='lat' dir='ltr'>mendamus,</span> <span class='ocrx_word' id='word_1_200' title='bbox 591 1888 722 1937; x_wconf 87' lang='lat' dir='ltr'>atque</span> <span class='ocrx_word' id='word_1_201' title='bbox 765 1887 995 1926; x_wconf 73' lang='lat' dir='ltr'>tradimus</span> <span class='ocrx_word' id='word_1_202' title='bbox 1029 1887 1149 1926; x_wconf 87' lang='lat' dir='ltr'>Vale.</span> <span class='ocrx_word' id='word_1_203' title='bbox 1182 1887 1403 1937; x_wconf 88' lang='lat' dir='ltr'>Monachij</span> <span class='ocrx_word' id='word_1_204' title='bbox 1437 1886 1536 1925; x_wconf 80' lang='lat'>1561</span> <span class='ocrx_word' id='word_1_205' title='bbox 1568 1885 1775 1926; x_wconf 88' lang='lat' dir='ltr'>Calendis</span> <span class='ocrx_word' id='word_1_206' title='bbox 1803 1884 1906 1936; x_wconf 85' lang='lat' dir='ltr'>Sep-</span> 
     </span>
     <span class='ocr_line' id='line_1_26' title="bbox 283 1950 1132 2002; baseline 0.004 -14"><span class='ocrx_word' id='word_1_207' title='bbox 283 1950 479 1990; x_wconf 89' lang='lat' dir='ltr'>tembris.</span> <span class='ocrx_word' id='word_1_208' title='bbox 513 1950 560 1991; x_wconf 89' lang='lat' dir='ltr'>T.</span> <span class='ocrx_word' id='word_1_209' title='bbox 591 1951 642 1990; x_wconf 83' lang='lat' dir='ltr'>R.</span> <span class='ocrx_word' id='word_1_210' title='bbox 677 1951 722 1991; x_wconf 88' lang='lat' dir='ltr'>P.</span> <span class='ocrx_word' id='word_1_211' title='bbox 755 1951 967 2002; x_wconf 82' lang='lat' dir='ltr'>indignus</span> <span class='ocrx_word' id='word_1_212' title='bbox 998 1952 1132 1991; x_wconf 78' lang='lat' dir='ltr'>tilius.</span> 
     </span>
    </p>
   </div>
   <div class='ocr_carea' id='block_1_3' title="bbox 1058 2051 1797 2091">
    <p class='ocr_par' dir='ltr' id='par_1_3' title="bbox 1058 2051 1797 2091">
     <span class='ocr_line' id='line_1_27' title="bbox 1058 2051 1797 2091; baseline 0 0"><span class='ocrx_word' id='word_1_213' title='bbox 1058 2051 1435 2091; x_wconf 68' lang='lat' dir='ltr'>Cfflnsropnossus</span> <span class='ocrx_word' id='word_1_214' title='bbox 1465 2051 1740 2091; x_wconf 76' lang='lat' dir='ltr'>LYNDAURUS</span> <span class='ocrx_word' id='word_1_215' title='bbox 1770 2052 1797 2091; x_wconf 84' lang='lat'>¹.</span> 
     </span>
    </p>
   </div>
   <div class='ocr_carea' id='block_1_4' title="bbox 282 2197 1905 2302">
    <p class='ocr_par' dir='ltr' id='par_1_4' title="bbox 282 2197 1905 2302">
     <span class='ocr_line' id='line_1_28' title="bbox 388 2197 1905 2249; baseline 0.001 -13"><span class='ocrx_word' id='word_1_216' title='bbox 388 2199 646 2248; x_wconf 75' lang='lat' dir='ltr'>Inscriptio.</span> <span class='ocrx_word' id='word_1_217' title='bbox 678 2197 850 2237; x_wconf 87' lang='lat' dir='ltr'>Literae</span> <span class='ocrx_word' id='word_1_218' title='bbox 878 2198 1222 2249; x_wconf 86' lang='lat' dir='ltr'>quadrimestres</span> <span class='ocrx_word' id='word_1_219' title='bbox 1251 2198 1590 2238; x_wconf 89' lang='lat' dir='ltr'>monachienses</span> <span class='ocrx_word' id='word_1_220' title='bbox 1618 2210 1697 2249; x_wconf 91' lang='lat' dir='ltr'>pro</span> <span class='ocrx_word' id='word_1_221' title='bbox 1726 2197 1905 2248; x_wconf 91' lang='lat' dir='ltr'>prouin-</span> 
     </span>
     <span class='ocr_line' id='line_1_29' title="bbox 282 2261 904 2302; baseline 0.003 -2"><span class='ocrx_word' id='word_1_222' title='bbox 282 2261 351 2300; x_wconf 85' lang='lat' dir='ltr'>cia</span> <span class='ocrx_word' id='word_1_223' title='bbox 382 2261 534 2301; x_wconf 89' lang='lat' dir='ltr'>Italiae</span> <span class='ocrx_word' id='word_1_224' title='bbox 564 2262 672 2302; x_wconf 87' lang='lat' dir='ltr'>citra</span> <span class='ocrx_word' id='word_1_225' title='bbox 703 2262 904 2302; x_wconf 88' lang='lat' dir='ltr'>Romam.</span> 
     </span>
    </p>
   </div>
   <div class='ocr_carea' id='block_1_5' title="bbox 280 2444 1905 2646">
    <p class='ocr_par' dir='ltr' id='par_1_5' title="bbox 280 2444 1905 2646">
     <span class='ocr_line' id='line_1_30' title="bbox 345 2444 1904 2487; baseline 0 -11"><span class='ocrx_word' id='word_1_226' title='bbox 345 2447 353 2463; x_wconf 88' lang='lat'>¹</span> <span class='ocrx_word' id='word_1_227' title='bbox 378 2444 523 2477; x_wconf 85' lang='lat' dir='ltr'>Dicitur</span> <span class='ocrx_word' id='word_1_228' title='bbox 544 2444 657 2477; x_wconf 85' lang='lat' dir='ltr'>etiam</span> <span class='ocrx_word' id='word_1_229' title='bbox 680 2444 876 2477; x_wconf 89' lang='lat' dir='ltr'>Lindauer.</span> <span class='ocrx_word' id='word_1_230' title='bbox 902 2445 1147 2478; x_wconf 87' lang='lat' dir='ltr'>Humaniores</span> <span class='ocrx_word' id='word_1_231' title='bbox 1181 2446 1326 2478; x_wconf 86' lang='lat' dir='ltr'>litteras</span> <span class='ocrx_word' id='word_1_232' title='bbox 1351 2446 1390 2478; x_wconf 91' lang='lat' dir='ltr'>in</span> <span class='ocrx_word' id='word_1_233' title='bbox 1415 2446 1569 2487; x_wconf 81' lang='lat' dir='ltr'>collegio</span> <span class='ocrx_word' id='word_1_234' title='bbox 1600 2445 1765 2477; x_wconf 86' lang='lat' dir='ltr'>docebat.</span> <span class='ocrx_word' id='word_1_235' title='bbox 1797 2444 1904 2477; x_wconf 90' lang='lat' dir='ltr'>Anno</span> 
     </span>
     <span class='ocr_line' id='line_1_31' title="bbox 281 2497 1905 2540; baseline 0.001 -12"><span class='ocrx_word' id='word_1_236' title='bbox 281 2497 514 2538; x_wconf 87' lang='lat' dir='ltr'>praecedenti</span> <span class='ocrx_word' id='word_1_237' title='bbox 541 2506 586 2529; x_wconf 86' lang='lat' dir='ltr'>ex</span> <span class='ocrx_word' id='word_1_238' title='bbox 619 2497 728 2530; x_wconf 88' lang='lat' dir='ltr'>Italia</span> <span class='ocrx_word' id='word_1_239' title='bbox 761 2498 800 2529; x_wconf 91' lang='lat' dir='ltr'>in</span> <span class='ocrx_word' id='word_1_240' title='bbox 835 2497 1068 2530; x_wconf 89' lang='lat' dir='ltr'>Germaniam</span> <span class='ocrx_word' id='word_1_241' title='bbox 1098 2499 1275 2531; x_wconf 85' lang='lat' dir='ltr'>remissus</span> <span class='ocrx_word' id='word_1_242' title='bbox 1299 2499 1366 2540; x_wconf 85' lang='lat' dir='ltr'>(Cf.</span> <span class='ocrx_word' id='word_1_243' title='bbox 1392 2499 1697 2537; x_wconf 76' lang='lat' dir='ltr'>BRAUNSBERGER,</span> <span class='ocrx_word' id='word_1_244' title='bbox 1726 2498 1769 2531; x_wconf 88' lang='grc' dir='ltr'>Β.</span> <span class='ocrx_word' id='word_1_245' title='bbox 1794 2498 1905 2530; x_wconf 80' lang='lat' dir='ltr'>Petri</span> 
     </span>
     <span class='ocr_line' id='line_1_32' title="bbox 286 2549 1904 2591; baseline 0.001 -9"><span class='ocrx_word' id='word_1_246' title='bbox 286 2549 443 2582; x_wconf 72' lang='lat' dir='ltr'>Canisii</span> <span class='ocrx_word' id='word_1_247' title='bbox 464 2549 602 2591; x_wconf 76' lang='lat' dir='ltr'>Epe‘st.,</span> <span class='ocrx_word' id='word_1_248' title='bbox 628 2550 672 2589; x_wconf 90' lang='grc' dir='ltr'>ΙΙ,</span> <span class='ocrx_word' id='word_1_249' title='bbox 696 2551 768 2589; x_wconf 81' lang='lat'>596,</span> <span class='ocrx_word' id='word_1_250' title='bbox 793 2551 878 2590; x_wconf 87' lang='lat'>730),</span> <span class='ocrx_word' id='word_1_251' title='bbox 904 2559 1001 2583; x_wconf 90' lang='lat' dir='ltr'>anno</span> <span class='ocrx_word' id='word_1_252' title='bbox 1026 2552 1106 2583; x_wconf 69' lang='lat'>1562</span> <span class='ocrx_word' id='word_1_253' title='bbox 1128 2552 1263 2584; x_wconf 89' lang='lat' dir='ltr'>iterum</span> <span class='ocrx_word' id='word_1_254' title='bbox 1287 2552 1326 2584; x_wconf 92' lang='lat' dir='ltr'>in</span> <span class='ocrx_word' id='word_1_255' title='bbox 1350 2552 1495 2584; x_wconf 87' lang='lat' dir='ltr'>Italiam</span> <span class='ocrx_word' id='word_1_256' title='bbox 1515 2552 1664 2590; x_wconf 77' lang='lat' dir='ltr'>missuS‚</span> <span class='ocrx_word' id='word_1_257' title='bbox 1683 2560 1705 2583; x_wconf 91' lang='lat' dir='ltr'>a</span> <span class='ocrx_word' id='word_1_258' title='bbox 1720 2550 1904 2583; x_wconf 85' lang='lat' dir='ltr'>Societate</span> 
     </span>
     <span class='ocr_line' id='line_1_33' title="bbox 280 2603 1223 2646; baseline 0.001 -10"><span class='ocrx_word' id='word_1_259' title='bbox 280 2603 413 2636; x_wconf 81' lang='lat' dir='ltr'>defecit</span> <span class='ocrx_word' id='word_1_260' title='bbox 435 2603 540 2644; x_wconf 88' lang='lat' dir='ltr'>(ibid.</span> <span class='ocrx_word' id='word_1_261' title='bbox 566 2603 628 2642; x_wconf 92' lang='grc' dir='ltr'>ΙΙΙ,</span> <span class='ocrx_word' id='word_1_262' title='bbox 653 2604 725 2643; x_wconf 91' lang='grc'><strong>418,</strong></span> <span class='ocrx_word' id='word_1_263' title='bbox 749 2604 822 2642; x_wconf 82' lang='grc'><strong>443,</strong></span> <span class='ocrx_word' id='word_1_264' title='bbox 845 2604 917 2643; x_wconf 72' lang='lat'>452,</span> <span class='ocrx_word' id='word_1_265' title='bbox 941 2604 1014 2642; x_wconf 81' lang='lat'>454,</span> <span class='ocrx_word' id='word_1_266' title='bbox 1038 2605 1110 2644; x_wconf 83' lang='lat'>460,</span> <span class='ocrx_word' id='word_1_267' title='bbox 1135 2605 1223 2646; x_wconf 83' lang='lat'>461).</span> 
     </span>
    </p>
   </div>
  </div>
 </body>
</html>
