2028 3531
354 276 418 309 190
825 273 1024 309 {ATTERAB
1055 273 1397 318 QUADfflMEsTnes

305 404 462 435 mama,
499 392 629 442 quale
673 391 866 431 teniamo
896 403 970 442 per
998 394 1115 431 certo
1144 391 1223 430 che
1252 390 1288 429 ci
1321 391 1491 439 aspetta
1533 399 1615 427 con
1646 388 1687 426 la
1718 386 1921 426 mamella

302 459 501 507 scopet-ta
531 456 592 495 dil
637 468 785 495 amore
814 458 856 495 et
888 467 970 496 con
1014 456 1072 507 gli
1119 455 1291 495 braccia
1335 453 1472 504 aperti
1516 452 1632 492 della
1675 450 1918 490 dilettione.

303 525 440 561 Seruo
474 522 657 560 minimo
687 521 730 560 di
762 521 812 560 V.
847 521 946 561 P.¹³‘¹.

1450 609 1478 656 ἢ
1521 608 1700 645 [0511110
1729 607 1757 655 >1-
1789 607 1815 643 ¹.

381 771 419 807 6.
454 768 530 807 Dei
564 769 752 818 perfecta
781 771 885 808 sunt
915 780 1045 819 opera
1079 770 1109 815 ²,
1141 770 1183 807 et
1212 767 1315 817 pero
1360 766 1416 804 ha
1447 764 1615 811 uoluto‚
1660 762 1862 802 accioche
1894 762 1923 800 il

303 836 428 882 pasto
473 832 592 871 fusse
634 833 834 882 pertetto,
879 833 998 872 darei
1042 833 1083 872 al
1131 832 1282 871 vltimo
1314 830 1343 869 il
1378 831 1584 880 pospasto
1627 830 1670 867 et
1698 827 1814 866 assai
1855 838 1924 865 sa-

304 897 460 947 por-ito.
494 896 758 947 imperoche‚
792 898 923 948 hoggi
956 897 1166 937 mer-cordi
1200 908 1297 935 sera
1326 894 1478 933 scritta
1499 892 1569 944 gia
1592 894 1747 943 questa
1772 891 1926 931 lettera

304 973 405 1008 vno,
436 963 478 1001 et
507 961 672 1001 huomo
715 962 1046 1013 d'importanza
1090 964 1131 1001 et
1173 960 1338 1011 grande
1383 957 1607 998 authorita
1643 965 1676 1003 ἃ,
1715 967 1925 1007 persuaso

302 1027 374 1066 dal
408 1027 476 1066 P.e
516 1027 739 1075 Petronio,
773 1027 803 1066 il
834 1027 964 1078 quale
994 1039 1068 1078 per
1104 1026 1226 1066 molti
1272 1025 1394 1067 anni,
1442 1026 1556 1062 forse
1585 1023 1640 1061 da
1670 1021 1871 1063 duodeci.
1903 1022 1926 1058 e

302 1092 417 1130 stato
447 1091 672 1130 obstinato
702 1091 773 1131 nel
805 1094 1004 1142 peccat03
1038 1092 1213 1131 tandem
1259 1090 1388 1129 tii-ato
1418 1088 1490 1127 dal
1523 1088 1590 1126 Ρ.Ε
1626 1098 1701 1138 per
1730 1086 1772 1124 la
1800 1097 1922 1135 capa,

301 1155 429 1206 quasi
460 1167 536 1206 per
566 1156 699 1202 forza,
732 1156 768 1195 si
800 1156 971 1203 risolse,
1003 1159 1045 1195 et
1074 1156 1110 1195 si
1141 1155 1319 1195 conteso
1349 1166 1428 1193 con
1462 1164 1569 1204 gran
1600 1150 1864 1191 contritione
1885 1151 1923 1188 et

303 1220 440 1259 fermo
472 1221 811 1271 proponimento
841 1221 885 1260 di
916 1223 1061 1260 mutar
1096 1221 1198 1259 vita.
1234 1220 1359 1259 Buon
1405 1219 1613 1268 pospasto
1656 1218 1826 1267 questo.
1859 1226 1927 1253 sa-

302 1285 433 1335 poriti
468 1285 529 1336 gli
573 1297 733 1324 sarano
776 1285 893 1325 assai
937 1286 1080 1336 questi
1124 1284 1303 1324 confetti
1335 1296 1359 1322 a
1390 1283 1440 1322 V.
1474 1281 1574 1321 P.¹³'¹.
1611 1281 1643 1320 11
1674 1280 1847 1319 fratello
1878 1278 1920 1317 di

301 1349 443 1389 costui
474 1361 550 1400 per
578 1350 620 1389 la
649 1350 865 1401 allegreza
894 1350 1059 1401 grande
1088 1350 1168 1389 che
1198 1349 1339 1388 hauea
1371 1359 1446 1398 per
1474 1346 1633 1386 esserci
1677 1345 1926 1384 cont'essato

301 1416 457 1465 questo
488 1426 569 1454 suo
600 1415 788 1461 fratello,
820 1415 906 1465 egli
937 1415 974 1453 ci
1006 1415 1148 1454 inuito
1178 1426 1203 1453 a
1232 1425 1353 1453 cena.

383 1479 419 1519 7.
453 1479 535 1518 Yn'
551 1480 664 1518 altro
693 1479 748 1518 da
793 1480 893 1519 tutti
939 1480 1074 1518 molto
1117 1479 1322 1518 estimato
1367 1477 1412 1516 in
1461 1478 1615 1527 questa
1658 1475 1762 1514 cItta
1807 1473 1925 1512 disse

302 1543 628 1593 publicamente
657 1556 740 1584 con
770 1556 879 1595 gran
913 1544 1186 1583 vehementia
1207 1543 1250 1582 di
1273 1543 1449 1593 spiritu,
1481 1542 1561 1581 che
1592 1553 1677 1579 vna
1707 1540 1801 1578 sola
1822 1550 1923 1578 cosa

302 1608 669 1658 principalmente
698 1611 765 1648 tra
795 1609 947 1648 l'altre
977 1609 1037 1659 gli
1070 1610 1187 1647 facea
1219 1607 1362 1658 stupir
1384 1607 1429 1646 in
1456 1609 1604 1646 nostra
1635 1603 1922 1655 Compagnia.

301 1672 395 1711 cioe
425 1673 455 1711 il
486 1685 605 1713 esser
633 1674 719 1724 egli
750 1673 932 1712 intratto
962 1685 1114 1724 spesso
1146 1673 1191 1712 in
1221 1675 1388 1711 cotesto
1422 1671 1608 1721 collegio
1638 1670 1681 1709 di
1714 1670 1852 1708 Roma
1884 1669 1923 1706 et

302 1738 432 1776 veder
461 1738 503 1777 13
533 1738 747 1789 allegreza
769 1739 812 1777 di
835 1739 935 1778 tutti
960 1739 970 1777 i
994 1738 1132 1777 nostri
1165 1738 1311 1786 Padri,
1334 1740 1376 1776 et
1397 1737 1425 1776 l'
1441 1736 1578 1776 amor'
1601 1737 1644 1774 et
1665 1732 1923 1774 incredibile

300 1803 535 1842 concordia
557 1803 635 1842 che
658 1805 724 1842 tra
744 1804 838 1842 loro
861 1803 1112 1853 resplende;
1145 1805 1316 1853 questo,
1349 1802 1458 1844 dice,
1483 1801 1541 1840 mi
1563 1800 1717 1839 edifica
1742 1798 1925 1849 grande-

302 1870 446 1906 mente
476 1867 521 1906 in
552 1870 707 1919 questa
737 1868 1022 1919 Compagnia.
1058 1868 1146 1907 Deo
1176 1867 1356 1918 gratias,
1379 1867 1454 1918 qui
1476 1877 1648 1916 semper
1679 1863 1923 1914 triumphat

302 1943 383 1971 nos
414 1932 457 1971 in
489 1932 665 1972 Christo
697 1933 810 1975 Iesu.
843 1937 882 1972 et
913 1933 1089 1972 odorem
1123 1932 1305 1971 notitiae
1335 1943 1441 1971 suae
1472 1930 1723 1970 manifestat
1748 1940 1821 1979 per
1843 1939 1922 1966 1105

301 1997 347 2035 111
378 1997 498 2036 omni
530 1997 642 2040 loco,
674 1998 779 2049 quia
810 1998 973 2037 Christi
1005 1998 1149 2036 bonus
1178 1997 1286 2036 odor
1320 2008 1475 2036 sunius
1505 1997 1532 2035 ³.

380 2062 415 2101 8.
448 2062 551 2105 P.‘',
582 2074 681 2102 ecco
712 2063 911 2101 vn'altro
942 2064 1150 2112 pospasto
1179 2061 1296 2100 assai
1327 2061 1520 2100 anchora
1563 2071 1701 2098 suaue
1730 2060 1767 2097 et
1800 2059 1925 2108 grato

301 2126 343 2165 al
374 2129 503 2177 gusto
533 2127 576 2166 di
599 2127 648 2166 V.
675 2127 773 2166 ΡΝ.
808 2127 1005 2166 Volendo
1036 2127 1078 2165 io
1108 2127 1264 2165 serrar'
1297 2128 1450 2177 queste
1480 2125 1630 2164 lettere
1660 2124 1777 2162 intro
1808 2122 1923 2161 nella

301 2191 465 2230 stantia
495 2194 645 2231 nostra
679 2203 733 2230 vn
763 2194 880 2231 certo
911 2192 1127 2242 piscatore
1159 2202 1234 2241 per
1265 2191 1384 2230 voler
1405 2189 1565 2241 parlar'
1589 2201 1671 2228 con
1694 2189 1723 2227 il
1751 2188 1924 2237 hospite

302 2258 468 2301 nostro,
504 2257 658 2295 ch'era
690 2268 772 2296 con
817 2257 887 2295 noi
920 2256 1088 2296 alhora.
1123 2256 1155 2295 Il
1187 2256 1255 2294 Pss‘
1293 2255 1498 2294 Petronio
1527 2254 1744 2293 comincio
1775 2265 1798 2292 a
1829 2252 1920 2291 dar*

363 2461 378 2478 a
412 2453 445 2483 et
472 2451 608 2483 huomo
633 2470 671 2474 ——
696 2450 886 2483 authorita
911 2461 1034 2491 snm-(1
1067 2460 1163 2483 vers,

364 2624 371 2640 ¹
398 2621 587 2662 Epistulae
609 2622 739 2653 auctor
773 2621 919 2653 videtur
953 2630 1032 2652 esse
1058 2621 1212 2652 Ioannes
1237 2621 1406 2661 Ignatius
1431 2621 1625 2662 hispanus,
1667 2620 1730 2661 qui
1759 2621 1796 2651 111
1825 2621 1923 2651 cata-

302 2675 383 2716 logo
408 2684 558 2706 romano
594 2675 683 2706 anni
722 2675 812 2709 1561,
838 2674 1011 2715 superius
1048 2674 1174 2709 citato,
1202 2676 1413 2706 recensetur
1440 2674 1537 2706 inter
1560 2673 1834 2714 inetaphysicos
1856 2673 1921 2713 qui

300 2728 411 2759 etiam
436 2727 660 2768 theologiam
699 2727 869 2759 audiunt.
909 2726 1016 2758 Anno
1059 2727 1146 2766 1563,
1172 2727 1245 2758 iam
1284 2727 1465 2763 sacerdos,
1492 2727 1628 2758 missus
1652 2727 1707 2758 est
1732 2725 1922 2766 Neapolim

301 2780 461 2818 (Laiuii
490 2779 663 2812 Momm.
689 2779 766 2818 VII,
791 2780 858 2819 64),
885 2779 993 2815 unde,
1019 2788 1101 2811 cum
1140 2780 1429 2820 intemperanter
1465 2789 1504 2812 se
1540 2780 1681 2820 gereret
1718 2778 1823 2819 (ibid.
1851 2778 1920 2814 166,

301 2834 387 2870 906),
414 2834 591 2865 remissus
615 2834 670 2865 est
695 2833 733 2864 in
757 2833 975 2873 Hispaniam
1002 2832 1107 2872 (ibid.
1147 2832 1238 2871 vill,
1263 2833 1334 2871 248,
1359 2833 1446 2872 309).
1480 2833 1520 2864 In
1557 2832 1665 2864 catal.
1691 2832 1836 2872 collegii
1862 2831 1923 2863 So-

302 2886 396 2917 riani
415 2886 504 2917 anni
531 2886 609 2917 1577
632 2886 726 2925 (cod.
756 2885 909 2917 Castell.
935 2884 993 2917 13.
1019 2884 1041 2917 f.
1068 2885 1143 2923 0211)
1166 2885 1357 2916 invenitur
1393 2886 1542 2926 quidam
1574 2885 1612 2917 P.
1638 2884 1793 2916 Ioannes
1818 2883 1922 2924 Igna-

299 2939 368 2974 cio,
394 2939 438 2970 de
461 2948 534 2979 quo
565 2948 639 2971 non
677 2938 856 2970 audemus
894 2937 1015 2969 dicere
1043 2946 1130 2969 num
1155 2938 1250 2969 idem
1275 2938 1323 2969 sit
1346 2938 1410 2978 qui
1436 2937 1550 2969 huius
1573 2937 1756 2978 epistulae
1779 2937 1920 2968 auctor.

363 2996 374 3011 ²
398 2993 606 3024 DEUTEHON.
636 2992 782 3031 XXXII,
807 2993 837 3024 4.

362 3048 374 3063 ³
398 3045 429 3076 II
453 3045 643 3079 Commu..
670 3044 713 3081 ΙΙ,
741 3046 789 3077 15.
