2028 3531
330 266 392 299 123⁸
797 266 998 303 LITTERAE
1037 269 1226 312 (ῥυ-(1181)(
1237 278 1380 302 istuizs

277 383 456 423 tionem.
497 385 535 421 et
579 383 627 421 l).
665 383 881 423 Lamberti
925 386 1119 435 suscepit
1161 385 1214 424 ad
1247 388 1433 435 tempus,
1465 386 1541 424 aut
1584 385 1675 424 ada
1705 385 1892 425 reditum

281 448 325 487 1).
361 448 575 486 Lamberti
607 459 747 498 usque
766 447 798 494 ¹¹,
829 451 870 488 et
901 451 948 488 ut
976 450 1251 489 commodius
1282 449 1386 488 illuc
1418 449 1512 500 [sic]
1545 451 1732 500 praestet
1762 451 1894 500 atque

276 513 534 554 satistaciat.
565 513 620 551 ab
649 513 858 553 omnibus
888 514 1071 565 reliquis
1101 515 1313 554 liberatus
1343 516 1408 553 est
1437 513 1610 563 offitijs;
1652 514 1753 553 licet
1794 525 1893 554 cum

277 577 635 616 incommoditate
664 578 882 617 nonnulla
910 579 1099 629 collegij.
1134 578 1241 619 Cum
1264 579 1379 617 enim
1404 578 1531 629 pauci
1555 578 1625 618 hic
1645 579 1735 618 sint
1751 590 1894 618 sacer-

275 642 413 683 dotes.
463 644 501 681 et
550 642 696 692 ampla
740 642 907 682 interea
950 644 1120 691 messis,
1170 644 1243 693 alij
1295 655 1345 682 ex
1395 644 1478 682 hoc
1527 644 1674 693 plures
1721 643 1894 683 labores

278 707 569 757 participant;
603 718 715 757 quae
745 707 921 757 quidem
957 720 1106 756 onera,
1152 709 1233 748 etsi
1264 708 1408 759 quoad
1453 708 1544 747 fieri
1590 710 1731 759 potest
1761 708 1894 747 mitti—

276 774 450 822 gentur.
486 771 621 810 multa
652 773 799 811 tamen
828 773 1050 823 quomodo
1080 774 1263 812 honeste
1293 774 1349 812 ab
1384 773 1581 812 humeris
1620 773 1784 813 nostris
1821 785 1894 812 ex-

274 836 362 875 cuti
398 836 580 886 possint,
612 847 701 875 non
733 836 948 877 uidemus.
984 838 1049 877 llli
1080 838 1168 877 duo
1191 838 1328 877 nostri
1360 837 1569 887 theologi,
1602 837 1651 878 D.
1692 838 1894 877 Lamber-

274 904 345 940 tus
376 903 417 940 et
447 900 744 948 Christianus,
776 913 875 941 cum
905 902 1072 942 debiles
1102 903 1211 942 satis
1241 903 1346 945 sint.
1379 902 1628 953 indigerent
1665 914 1771 942 sane
1810 906 1892 943 ter-

273 966 334 1004 tio
366 965 587 1016 theologo,
620 977 674 1005 ne
713 966 750 1005 si
798 967 977 1017 quando
1025 979 1162 1006 unum
1211 967 1450 1018 contigeret
1500 979 1575 1017 per
1621 967 1891 1007 debilitatem

272 1031 471 1077 deficere,
504 1032 552 1069 ut
582 1031 749 1070 interea
778 1031 894 1070 alius
924 1032 1047 1071 illius
1076 1033 1298 1083 suppleret
1330 1032 1488 1072 locum.
1530 1032 1578 1072 D.
1615 1032 1890 1074 LambertuS.

272 1107 413 1145 spero,
466 1106 554 1133 non
603 1107 757 1146 parum
816 1096 1045 1136 iuuabitur
1092 1097 1137 1136 in
1192 1097 1276 1135 isto
1324 1097 1495 1141 itinere.
1563 1099 1603 1136 et
1663 1108 1892 1147 speramus

273 1159 399 1198 illum
431 1159 654 1198 fortiorem
686 1172 990 1202 reuersurum:
1036 1162 1185 1201 multis
1214 1164 1277 1201 est
1309 1162 1380 1200 hic
1410 1164 1615 1212 acceptus
1644 1164 1685 1201 et
1714 1162 1889 1203 charus.

269 1227 311 1263 et
341 1224 582 1274 suspicitur
611 1237 634 1263 a
667 1225 818 1265 multis
848 1229 1023 1277 propter
1052 1227 1323 1277 singularem
1356 1226 1478 1265 illius
1509 1227 1552 1265 in
1584 1227 1892 1266 conuersando

270 1289 472 1339 gratiam,
496 1291 627 1339 atque
656 1289 916 1337 doctrinam,
941 1302 1019 1330 nec
1042 1291 1167 1330 facile
1198 1291 1301 1330 hinc
1335 1291 1651 1330 remouendum
1668 1303 1891 1330 censerem

268 1353 321 1392 ad
353 1353 491 1392 alium
521 1353 681 1392 locum.
716 1354 762 1394 P.
794 1356 933 1394 rector
967 1357 995 1395 1.
1033 1356 1114 1394 etsi
1159 1356 1302 1406 legere
1333 1356 1376 1394 in
1414 1355 1703 1395 Vniuersitate
1737 1356 1888 1406 possit.

268 1421 400 1469 atque
430 1418 615 1469 legendo
645 1419 854 1458 omnibus
883 1419 1015 1459 etiam
1047 1421 1228 1470 placeat,
1261 1423 1406 1459 tamen
1436 1420 1608 1471 collegij
1642 1422 1774 1470 atque
1803 1421 1891 1459 alia

270 1483 447 1521 diuersa
477 1483 652 1533 negotia
684 1483 759 1522 uix
789 1484 1029 1524 admittunt
1059 1485 1163 1531 hoc;
1198 1485 1285 1524 imo
1317 1497 1469 1535 parum
1506 1485 1743 1524 admodum
1787 1488 1892 1524 tem-

269 1547 389 1597 poris
419 1548 565 1590 habet,
598 1548 715 1599 quod
746 1548 986 1599 aliquando
1017 1550 1227 1588 iuuandis
1258 1550 1460 1599 hispanis
1490 1550 1681 1589 tribuere
1719 1553 1892 1601 propter

269 1613 545 1657 negotiorum
577 1613 904 1652 multitudinem
941 1614 1091 1664 possit.
1125 1615 1249 1653 Vnde
1279 1626 1423 1665 saepe,
1458 1615 1587 1653 sicuti
1627 1615 1787 1657 adhuc.
1820 1615 1890 1654 de-

268 1677 516 1716 sideramus
536 1678 804 1717 sacerdotem
836 1679 1027 1729 aliquem
1051 1679 1304 1729 hispanum.
1327 1679 1402 1730 qui
1422 1680 1467 1718 in
1488 1680 1722 1719 audiendis
1744 1681 1890 1731 hispa-

268 1753 425 1781 norum
474 1742 830 1782 confessionibus
877 1755 1051 1793 operam
1098 1756 1220 1783 suam
1255 1745 1398 1783 locare
1429 1745 1584 1794 possit,
1634 1756 1732 1784 cum
1776 1748 1889 1784 certe

268 1806 446 1857 hispani
479 1807 633 1846 maiori
676 1820 727 1846 ex
776 1810 897 1858 parte
927 1811 1125 1848 nostrum
1155 1810 1367 1859 templum
1412 1813 1624 1849 exornent
1658 1819 1687 1855 0,
1720 1822 1890 1860 promo-

268 1874 401 1910 ueant
430 1874 560 1922 atque
590 1884 823 1923 germanos
853 1873 907 1912 ad
938 1873 1141 1924 pietatem
1173 1874 1378 1913 similiter
1406 1875 1608 1914 excitent.
1652 1876 1698 1915 P.
1732 1875 1890 1916 Corne-

267 1936 355 1976 lius
384 1938 397 1960 '2
420 1937 495 1987 qui
527 1938 725 1977 omnium
776 1938 955 1977 Patrum
997 1941 1038 1977 et
1087 1940 1269 1977 fratrum
1301 1942 1366 1978 est
1413 1941 1726 1983 confessarius.
1758 1944 1889 1992 atque

266 2001 417 2051 templi
451 2002 710 2052 praefectus,
743 2003 851 2042 satis
899 2003 1060 2054 negotij
1109 2004 1254 2047 habet.
1289 2007 1335 2043 ut
1365 2005 1448 2043 ista
1479 2005 1567 2044 duo
1612 2007 1720 2045 bene
1749 2006 1888 2045 admi-

267 2067 454 2105 nistrare
485 2069 649 2117 pergat.
683 2068 730 2106 P.
764 2067 907 2107 Dauid
939 2068 1099 2107 Eckius
1128 2071 1167 2107 et
1203 2069 1247 2108 Ρ.
1281 2069 1489 2110 Thomas.
1523 2071 1887 2112 bohemus³.soli

266 2132 463 2180 germani
493 2134 612 2179 sunt,
635 2133 711 2183 qui
744 2133 805 2172 ita
833 2133 1030 2184 quotidie
1060 2134 1106 2172 in
1136 2134 1370 2173 audiendis
1399 2136 1770 2177 confessionibus,
1795 2138 1885 2175 tum

266 2195 312 2234 in
344 2196 582 2235 uisitandis
612 2197 800 2236 infirmis
829 2198 1152 2241 distrahuntur,
1186 2201 1232 2238 ut.
1275 2199 1350 2238 uix
1382 2199 1591 2239 lectiones
1638 2200 1739 2239 illas
1769 2201 1887 2239 theo-

266 2259 432 2310 logicas
462 2260 573 2299 duas
604 2261 648 2299 in
681 2261 967 2301 Vniuersitate
996 2262 1149 2301 audire
1178 2266 1355 2313 queant.
1393 2264 1478 2311 Ego
1499 2265 1676 2314 quidem
1698 2264 1887 2303 subinde

266 2323 310 2362 in
333 2325 495 2375 templo
526 2325 647 2373 iuuo,
681 2328 824 2365 tamen
848 2326 975 2376 offitij
1011 2327 1093 2366 mei
1125 2327 1293 2366 ratione
1324 2331 1336 2350 ⁴
1368 2329 1546 2378 saepius
1574 2340 1750 2368 auocor.
1775 2328 1884 2369 Sunt

325 2556 341 2572 -ἰ
360 2548 402 2578 ad
429 2556 555 2588 supra
581 2557 679 2581 cers.
705 2568 742 2570 —
768 2548 785 2574 b
804 2558 922 2590 usque
959 2558 1083 2590 snpra
1111 2559 1208 2581 rer-3.
1234 2569 1272 2572 ψ
1297 2561 1310 2577 c
1332 2551 1413 2583 Del.
1439 2554 1562 2593 atque.

326 2771 333 2786 ¹
360 2769 395 2801 P.
421 2769 577 2801 Ioannes
601 2771 644 2802 de
668 2770 843 2805 Victoria.
869 2771 1063 2812 hispanus,

325 2824 336 2840 2
363 2821 385 2852 l’
422 2823 614 2854 Cornelius
638 2823 895 2865 Brogelmann.

324 2878 336 2892 ³
359 2874 395 2906 P.
421 2874 580 2906 Thomas
605 2875 782 2908 bohemus
806 2876 928 2917 (Hedl)
952 2877 1088 2909 missus
1112 2878 1229 2909 fuerat
1248 2878 1361 2910 Roma
1379 2880 1559 2912 Viennam
1578 2890 1700 2913 mense
1724 2880 1883 2922 Septem-

262 2927 315 2958 hri
346 2928 432 2959 1560.
459 2927 509 2960 Cf.
539 2928 849 2961 BRAUNSBERGER:
875 2929 918 2962 B.
945 2929 986 2962 P.
1009 2930 1165 2961 Canis-ii
1178 2930 1301 2971 Epist.
1321 2931 1363 2964 ΙΙ,
1383 2933 1453 2964 7:³8.
1473 2934 1570 2965 Obiit
1590 2943 1714 2966 mense
1727 2934 1882 2966 Februa-

263 2980 316 3011 rio
345 2981 430 3012 1561.
459 2981 559 3020 Ima,
586 2982 647 3021 III,
671 2983 734 3021 94;
760 2983 904 3014 Lainii
927 2983 1114 3016 Monmn..
1143 2983 1181 3021 V,
1207 2985 1278 3016 436.

323 3035 331 3050 ⁴
360 3033 393 3064 l’.
419 3034 517 3064 (irim
544 3035 714 3067 minister
737 3035 867 3067 domus
890 3037 981 3074 erat,
1007 3045 1070 3067 seu
1098 3038 1293 3076 prorector.
1320 3039 1360 3069 ut
1384 3039 1473 3071 dicit
1498 3040 1605 3072 catal.
1631 3041 1719 3072 anni
1746 3041 1837 3073 1561.
