2028 3531
335 265 404 300 0254
806 266 1009 302 Lvrwfm:
1044 266 1388 311 QUADmMEs'rREs

290 385 499 424 mandant
546 397 713 425 omnes.
761 385 994 436 Egregium
1037 387 1106 426 sui
1156 388 1376 438 profectus
1423 388 1645 439 specimen
1687 390 1905 441 superiori

289 461 436 488 mense
458 451 754 500 praebuerunt
776 450 819 489 in
841 450 1032 501 quadam
1055 451 1219 503 insigni
1250 452 1476 492 comoedia
1505 454 1768 502 exhibenda,
1792 467 1906 506 quae

286 514 533 554 dominicae
565 515 899 554 resurrectionis
929 515 1160 555 historiam
1184 518 1499 567 pertractabat3
1531 518 1729 558 exhibita
1749 532 1800 559 ea
1820 520 1906 570 pri-

287 590 407 618 mum
437 582 502 619 est
533 580 577 619 in
608 592 707 619 area
740 580 1011 631 monasterij,
1034 581 1105 620 cui
1139 581 1269 620 vicini
1293 593 1463 628 sumus,
1487 594 1586 622 cum
1621 585 1743 623 tanto
1772 596 1904 635 appa-

287 646 399 691 ratu,
440 644 676 683 deuotione
719 646 760 683 et
802 644 1048 695 diligentia,
1082 648 1128 685 ut
1172 646 1216 684 in
1260 646 1597 686 admirationem
1640 650 1906 698 spectatores

287 709 441 748 merito
472 709 679 759 rapuerit.
714 709 910 749 Fuerunt
946 712 1090 749 autern
1136 713 1431 760 spectatorum
1475 712 1645 762 aliquot
1690 713 1826 761 milia,
1859 716 1906 753 ut

287 773 409 813 locus
452 774 582 813 etiam
627 774 794 824 alioqui
839 775 1172 824 capacissimus,
1204 787 1358 814 omnes
1387 776 1462 826 qui
1494 777 1647 816 adesse
1680 781 1903 828 cuperent,

285 839 509 877 continere
541 850 626 877 non
660 840 820 888 posset.
852 839 1103 879 Adfuerunt
1124 840 1238 879 inter
1266 852 1341 879 eos
1370 841 1425 879 ad
1455 840 1585 880 tinem
1608 853 1747 893 usque
1779 843 1905 882 multi

286 904 371 941 tam
422 902 723 949 ecclesiastici,
770 915 903 953 quain
951 904 1172 943 seculares
1220 904 1416 955 primarij
1468 905 1570 952 uiri,
1611 908 1652 945 et
1698 907 1906 947 omnibus

284 967 459 1006 abunde
489 979 720 1018 speramus
749 967 1042 1015 satisfactum,
1075 969 1145 1008 cui
1176 969 1246 1008 uel
1277 969 1361 1008 hoc
1395 972 1655 1019 argumento
1683 982 1778 1010 esse
1808 983 1906 1021 pos-

284 1031 355 1079 sit,
387 1032 503 1083 quod
536 1032 763 1073 illustriss,
796 1032 999 1083 princeps
1030 1036 1180 1073 noster
1208 1034 1391 1073 omnino
1421 1046 1516 1073 eam
1555 1047 1700 1074 coram
1731 1047 1777 1075 se
1807 1048 1905 1075 sua-

283 1108 368 1146 que
412 1096 580 1136 familia
623 1099 714 1136 tota
752 1097 898 1137 denuo
943 1098 1134 1138 uoluerit
1177 1099 1398 1147 exhiberi;
1444 1101 1486 1139 et
1529 1102 1695 1139 tantam
1725 1101 1904 1151 quidem

283 1161 469 1212 gratiam
500 1162 606 1201 haec
636 1162 750 1201 actio
781 1162 952 1212 habuit,
976 1165 1024 1202 ut
1052 1165 1094 1202 et
1124 1163 1362 1203 lachrimas
1392 1164 1566 1214 deuotis
1596 1165 1749 1205 multis
1777 1177 1904 1205 excu-

284 1228 405 1269 teret,
438 1229 479 1266 et
509 1227 736 1266 illustriss.
770 1227 974 1278 princeps
1014 1240 1153 1279 usque
1196 1229 1250 1267 ad
1281 1230 1411 1268 tinem
1459 1231 1794 1280 perseuerando,
1828 1231 1905 1270 uix

282 1292 458 1331 tandem
502 1291 654 1331 satiari
698 1293 937 1343 spectando
979 1293 1194 1343 potuerit:
1228 1294 1452 1333 actoribus
1495 1296 1641 1334 autem
1671 1295 1781 1346 ipsis
1810 1298 1903 1336 tum

283 1367 424 1403 mane,
457 1358 549 1395 tum
581 1357 753 1407 uesperi
784 1357 830 1396 in
859 1357 963 1397 aula
992 1369 1072 1397 sua
1103 1358 1249 1398 cibum
1282 1359 1479 1409 praeberi
1510 1358 1640 1398 iussit
1670 1361 1697 1399 ².

361 1421 398 1461 3.
430 1421 495 1460 Ad
528 1421 690 1460 rectius
724 1422 922 1461 scholam
968 1424 1163 1462 nostram
1207 1423 1577 1471 constituendam,
1622 1424 1819 1476 adeoque
1848 1426 1903 1465 ad

281 1488 607 1525 sacrosanctam
642 1488 680 1526 et
703 1487 967 1527 catholicam
990 1487 1248 1538 religionem
1273 1499 1346 1538 per
1367 1488 1481 1527 hanc
1502 1489 1777 1539 prouinciam
1818 1491 1905 1530 foe-

282 1550 412 1590 licius
432 1551 640 1590 tuendam
671 1553 713 1590 et
742 1552 1089 1603 propagandam,
1108 1552 1185 1592 diu
1220 1553 1497 1604 multumque
1519 1553 1764 1593 institimus
1786 1555 1904 1606 apud

281 1615 506 1655 illustriss.
543 1615 801 1666 principem,
838 1619 883 1656 ut
918 1617 1113 1656 delectus
1156 1617 1393 1657 haberetur
1443 1630 1593 1658 eorum
1642 1630 1900 1670 pauperum,

280 1680 355 1731 qui
378 1681 431 1719 ad
454 1692 535 1719 nos
555 1680 753 1720 discendi
784 1681 926 1732 gratia
956 1682 1136 1732 plurimi
1166 1682 1408 1731 confluunt,
1431 1685 1523 1722 tum
1546 1685 1595 1722 ut
1614 1683 1690 1735 qui
1711 1684 1904 1734 aptiores

280 1745 551 1793 uiderentur,
583 1746 858 1786 domicilium
888 1747 1070 1798 aliquod
1100 1747 1327 1798 proprium
1357 1748 1585 1795 haberent,
1631 1748 1781 1800 ibique
1815 1749 1903 1789 fru-

280 1809 451 1861 galiter,
492 1810 676 1849 honeste
705 1813 747 1850 et
776 1811 845 1862 pie
875 1812 1180 1860 conuiuerent,
1225 1812 1308 1851 sub
1351 1814 1467 1852 certa
1511 1812 1726 1863 videlicet,
1756 1825 1806 1853 ac
1836 1814 1901 1853 fu-

278 1875 392 1915 turis
434 1875 718 1915 ecclesiarum
767 1876 984 1916 ministris
1031 1876 1315 1916 conuenienti
1363 1877 1638 1917 educatione.
1687 1877 1796 1917 Nam
1841 1879 1902 1918 ita

279 1940 399 1979 fieret
428 1952 535 1979 sane
567 1942 613 1979 ut
643 1940 771 1980 multi
801 1942 1052 1991 praeclarae
1090 1941 1256 1981 indolis
1282 1941 1597 1990 adolescentes,
1629 1954 1792 1994 magno
1822 1943 1903 1983 rei-

278 2004 482 2055 publicae
524 2005 754 2044 commodo
793 2005 839 2044 in
887 2006 1049 2057 studijs
1092 2006 1398 2046 retinerentur.
1444 2007 1497 2046 Et
1538 2007 1676 2047 illust.
1722 2008 1901 2058 quidem

278 2069 483 2120 principi,
506 2081 618 2120 quae
648 2069 744 2109 eius
764 2072 829 2109 est
848 2070 1091 2121 singularis
1120 2083 1222 2122 erga
1252 2071 1392 2110 Deum
1422 2071 1578 2122 pietas,
1600 2083 1771 2111 summe
1791 2083 1902 2112 sem·

278 2146 354 2185 per
396 2134 503 2174 haec
545 2137 696 2174 nostra
738 2136 942 2186 placuere
984 2136 1194 2182 consilia,
1235 2149 1389 2176 uerum
1420 2137 1616 2176 fecerunt
1657 2137 1901 2177 incidentes

277 2199 426 2239 nescio
468 2211 581 2250 quae
623 2199 918 2248 difficultates,
950 2213 1038 2251 quo
1068 2201 1217 2241 minus
1245 2201 1542 2241 desideratum
1577 2202 1684 2241 haec
1714 2213 1782 2241 res
1811 2213 1901 2241 sor·

277 2263 356 2303 tita
386 2263 445 2304 sit
473 2264 688 2304 hactenus
717 2265 944 2313 effectum;
980 2266 1181 2316 promisit
1210 2268 1358 2306 tamen
1377 2278 1467 2305 non
1488 2266 1549 2305 ita
1570 2266 1737 2317 pridem
1759 2266 1897 2307 illust.

277 2328 481 2379 princeps
510 2329 630 2368 cordi
661 2329 888 2380 negotium
918 2330 1001 2369 hoc
1030 2330 1115 2369 sibi
1147 2331 1368 2370 futurum:
1400 2332 1602 2382 coeptum
1645 2333 1789 2371 autem
1835 2332 1899 2371 est

276 2393 554 2432 commodum
585 2393 631 2432 in
661 2393 780 2433 hunc
809 2394 941 2433 finem
971 2394 1220 2434 aedificium
1255 2395 1422 2446 quaeri.

355 2458 393 2497 4.
426 2457 552 2497 Nunc
581 2458 634 2497 de
663 2458 796 2498 rebus
826 2459 1145 2509 temporalibus
1174 2471 1327 2510 pauca.
1373 2460 1504 2499 Aucti
1548 2462 1653 2499 sunt
1680 2459 1752 2499 his
1781 2471 1900 2499 men-

275 2522 401 2562 sibus
420 2522 559 2562 annui
581 2522 779 2562 redditus
809 2523 973 2571 nostri;
1005 2535 1105 2563 cum
1126 2524 1243 2563 enim
1266 2526 1495 2564 sexcentos
1515 2526 1687 2564 tantum
1708 2524 1899 2564 florenos

275 2587 516 2627 rhenenses
553 2587 771 2638 superiori
800 2599 918 2627 anno
957 2588 1087 2627 nobis
1116 2589 1464 2636 numerauerint,
1496 2589 1579 2629 hoc
1608 2591 1722 2629 certe
1750 2590 1792 2629 et
1834 2600 1898 2628 se-

274 2651 515 2702 quentibus
544 2652 676 2691 annis
705 2652 826 2692 mille
846 2652 893 2691 in
913 2652 1075 2704 uiginti
1106 2664 1394 2703 personarum
1426 2653 1794 2693 sustentationem
1817 2665 1897 2693 nu-

274 2716 432 2755 merari
463 2716 595 2756 iussit
623 2716 762 2757 illust.
796 2717 1013 2768 princeps
1047 2717 1221 2757 Scholis
1249 2720 1291 2757 et
1321 2717 1522 2758 aedificio
1552 2730 1671 2758 nouo
1703 2719 1897 2758 extrema

274 2780 358 2820 hoc
386 2792 536 2820 mense
578 2793 738 2821 manus
766 2781 980 2822 addetur:
1030 2793 1169 2833 capax
1217 2784 1282 2822 est
1329 2783 1454 2822 locus
1495 2782 1657 2834 uiginti
1699 2782 1896 2834 quinque

274 2856 577 2895 personarum,
601 2848 649 2886 ut
669 2857 888 2886 summam
909 2846 1076 2898 singuli
1102 2846 1295 2887 habeant
1314 2847 1685 2896 commoditatem,
1709 2849 1750 2887 et
1771 2846 1896 2886 breui

274 2920 402 2960 spero
432 2909 514 2949 iste
544 2912 796 2951 nostrorum
827 2922 1040 2951 numerus
1068 2911 1124 2950 ad
1153 2911 1370 2952 Bauariae
1408 2911 1644 2952 utilitatem
1674 2911 1747 2951 hic
1776 2911 1896 2951 foue-

335 3045 346 3062 ¹
369 3043 420 3076 Cf.
446 3044 570 3076 DUHR:
599 3043 826 3078 Geschichte
850 3045 921 3078 der
940 3044 1159 3079 Jesm’ten...
1183 3045 1211 3085 I,
1235 3046 1308 3078 341.
