2028 3531
311 254 381 290 398
782 258 986 296 memm
1023 260 1368 305 QUAomMEs'rREs

264 384 437 412 summa
466 376 506 413 et
536 376 759 415 communi
790 377 990 416 omnium
1019 378 1336 420 consolatione.
1370 378 1459 418 Deo
1493 379 1667 419 licuerit
1707 380 1880 420 offerre.

264 438 431 477 Coeteri
456 439 646 490 denique
676 442 847 487 fratres,
871 454 970 481 cum
996 443 1240 482 uirtutibus
1260 443 1483 491 omnibuS,
1507 446 1600 483 tum
1620 456 1670 484 ea
1692 456 1884 496 praeser-

264 501 340 540 tim
367 502 546 542 uiuendi
571 504 755 549 ratione,
788 518 919 556 quam
952 506 1058 546 baec
1088 507 1283 557 postulat
1311 507 1522 555 Societas,
1556 508 1810 559 plurimum,
1842 512 1883 550 et

263 567 389 616 quasi
422 568 636 616 certatim,
669 569 910 608 adiuuante
942 570 1145 618 Domino,
1184 571 1433 622 proliciunt,
1465 572 1661 624 adeoque
1690 585 1883 614 commu-

264 642 362 670 nem
397 632 612 671 Ecclesiae
642 645 821 672 causam
852 637 892 673 et
922 637 1103 683 statum,
1135 636 1211 675 sed
1243 636 1475 687 praecipue
1509 637 1774 688 grauissima
1805 639 1882 679 illa

262 696 504 736 catholicae
548 697 777 747 religionis
820 699 1012 749 negotia,
1044 712 1231 751 quorum
1276 701 1418 751 gratia
1447 713 1649 741 summus
1686 703 1883 753 pontifex

263 760 313 799 R.
348 761 394 800 P.
428 761 477 800 V.
511 761 556 800 in
586 762 755 801 Gallias
794 763 929 810 misit,
962 776 1050 803 non
1084 765 1286 815 precibus
1327 766 1470 814 modo,
1502 766 1578 805 sed
1608 766 1883 817 quotidianis

261 825 391 863 etiam
422 836 654 875 corporum
687 827 1074 876 macerationibus,
1108 828 1197 868 Deo
1240 830 1578 877 commendant;
1611 842 1664 870 ne
1695 832 1883 882 peccatis

261 889 492 928 hominum
523 892 673 929 tantus
703 893 850 930 tantae
872 892 1107 943 legationis
1137 893 1306 933 fructus
1327 894 1606 944 impediatur.
1630 895 1747 935 Haec
1776 896 1883 936 alia-

261 965 346 1002 que
376 954 540 992 similia
570 966 621 993 eo
650 957 764 994 certe
795 957 950 996 maiori
994 957 1221 997 alacritate
1250 961 1291 997 et
1322 959 1493 998 feruore
1536 962 1762 1010 praestant
1789 973 1883 1000 om-

261 1030 353 1059 nes.
386 1031 474 1069 quo
504 1020 555 1059 R.
592 1020 637 1060 P.
671 1021 961 1071 prouincialis
1003 1034 1054 1061 ea
1084 1023 1214 1062 nobis
1255 1023 1530 1072 diligentius,
1570 1025 1724 1075 quanti
1754 1025 1883 1065 nimi—

261 1095 355 1122 rum
388 1084 477 1122 sint
521 1085 746 1133 momenti,
793 1086 1049 1126 declarauit.
1083 1086 1234 1131 Cuius,
1267 1088 1369 1127 licet
1410 1100 1652 1139 paucorum
1693 1090 1880 1138 dierum,

261 1148 508 1197 praesentia
556 1149 687 1188 nobis
718 1150 954 1199 omnibus,
1002 1163 1052 1191 ac
1094 1153 1260 1191 nostris
1302 1153 1502 1203 patronis
1544 1156 1587 1193 et
1628 1154 1783 1194 amicis
1821 1155 1882 1195 ita

261 1214 385 1262 grata
415 1214 455 1252 et
487 1213 611 1253 utilis
655 1216 802 1254 tamen
831 1215 991 1262 extitit,
1025 1218 1070 1256 ut
1100 1218 1187 1256 tam
1219 1217 1307 1257 cito
1341 1229 1430 1257 non
1474 1218 1630 1258 suisset
1658 1219 1764 1258 hinc
1796 1220 1883 1259 dis—

259 1277 410 1316 cedere
458 1279 716 1328 permissus,
749 1280 834 1319 nisi
881 1293 1042 1332 magna
1084 1283 1300 1332 quaedam
1336 1283 1528 1334 negotia,
1559 1295 1673 1334 quae
1703 1284 1882 1324 nomine

260 1341 485 1381 illustriss.
519 1343 758 1383 cardinalis
779 1346 1018 1395 augustani
1049 1348 1061 1370 1
1092 1349 1345 1397 susceperat
1365 1347 1473 1386 alibi
1502 1347 1788 1398 expedienda,
1810 1349 1882 1389 uel

258 1407 467 1446 omnibus
496 1407 668 1455 inuitis,
701 1420 799 1448 eum
833 1409 937 1449 hinc
966 1411 1239 1451 auulsissent
1268 1413 1297 1451 ².

336 1471 373 1510 02.
407 1471 491 1521 Qui
525 1473 651 1512 modo
682 1474 844 1514 uiuunt
864 1482 882 1501 ὃ
904 1474 951 1514 in
979 1475 1167 1527 collegio
1196 1488 1315 1516 nouo
1344 1478 1451 1516 sunt
1479 1476 1656 1517 saelecti
1686 1489 1737 1517 ac
1763 1490 1880 1530 mag-

259 1547 341 1575 nae
370 1537 462 1587 spei
493 1537 810 1586 adolescentes,
842 1539 919 1591 qui
958 1540 1108 1580 nescio
1138 1541 1338 1592 magisne
1366 1540 1385 1567 b
1414 1541 1570 1590 literis,
1607 1554 1664 1582 an
1702 1543 1877 1593 pietate,

258 1602 624 1651 progrediantur:
672 1604 871 1655 utrisque
905 1607 1019 1645 certe
1066 1606 1299 1657 reliquam,
1330 1607 1621 1658 quantumuis
1664 1607 1881 1648 florentis-

258 1665 416 1705 simam
447 1666 723 1707 iuuentutem
755 1671 967 1719 nostram,
1000 1670 1153 1710 multis
1185 1671 1477 1722 parasanguis
1508 1671 1603 1723 [sic]
1643 1672 1877 1712 excellunt.

258 1729 319 1768 Ex
350 1730 455 1777 illis,
487 1732 529 1770 et
557 1731 736 1781 quidem
768 1733 1031 1784 praecipuis,
1054 1735 1131 1785 qui
1161 1735 1468 1786 singularibus
1496 1736 1633 1775 animi
1664 1736 1880 1787 corporis-

256 1806 341 1845 que
384 1795 564 1835 dotibus
606 1797 789 1847 pollent,
821 1798 1020 1850 quinque
1062 1799 1268 1847 studiosi,
1300 1812 1350 1839 ac
1393 1802 1537 1840 sartor
1569 1813 1703 1849 unus,
1735 1802 1879 1841 modis

256 1859 466 1899 omnibus
487 1860 542 1899 ad
564 1860 826 1902 Societatem
847 1863 1060 1914 aspirant,
1083 1864 1311 1913 anhelant,
1330 1867 1462 1916 atque
1482 1868 1531 1905 ut
1550 1866 1879 1917 quamprimum

257 1923 545 1972 admitantur,
577 1927 864 1967 contendunt.
906 1928 1025 1968 Deus
1054 1929 1228 1980 piorum
1272 1933 1478 1970 uotorum
1512 1942 1588 1970 eos
1626 1930 1736 1971 faxit
1764 1942 1880 1971 com-

257 1990 395 2039 potes,
427 1989 649 2041 simulque
679 1992 908 2032 confirmet
936 1993 983 2032 in
1011 1994 1075 2033 eis
1105 1995 1222 2045 quod
1252 1997 1460 2046 operatus
1489 1997 1569 2036 est.
1601 1995 1753 2036 Studis
1784 1995 1878 2048 [sic]

257 2053 389 2092 etiam
433 2054 528 2093 siue
571 2056 865 2105 scholasticis,
897 2057 994 2098 siue
1024 2058 1293 2108 domesticis,
1325 2059 1644 2100 incrementum
1675 2072 1765 2100 non
1795 2072 1879 2100 me-

256 2117 403 2157 diocre
432 2118 520 2158 iam
550 2120 723 2168 accidit,
746 2122 865 2172 quod
896 2125 1067 2173 praeter
1096 2123 1322 2172 lectiones,
1354 2125 1652 2176 repetitiones,
1680 2125 1879 2176 disputa-

255 2181 400 2221 tiones
429 2185 471 2221 et
499 2183 843 2225 declamationes
886 2189 1136 2236 consuetas,
1169 2200 1328 2236 nouae,
1362 2189 1568 2228 uidelicet
1596 2189 1777 2240 linguae
1805 2190 1879 2229 he—

257 2246 445 2295 braicae,
492 2249 841 2298 mathematicae,
874 2251 1042 2302 logicae
1087 2255 1219 2304 atque
1260 2253 1444 2302 ethicae,
1477 2254 1687 2294 lectiones
1729 2254 1784 2294 ad
1814 2254 1880 2294 fu-

257 2313 401 2350 turam
444 2313 693 2353 studiorum
737 2315 1072 2356 innouationem
1116 2318 1207 2357 sint
1248 2318 1560 2369 auspicandae.
1607 2318 1717 2359 Cum
1759 2319 1878 2359 enim

255 2376 517 2416 assiduitate
548 2390 707 2429 magna
737 2380 915 2420 scholae
945 2384 1122 2421 nostrae
1142 2383 1351 2433 discipuli
1381 2395 1458 2434 per
1485 2384 1655 2434 aliquot
1686 2383 1774 2423 iam
1803 2395 1879 2423 an-

256 2452 338 2480 nos
368 2441 627 2482 inferiorum
659 2444 996 2496 disciplinarum
1040 2447 1321 2487 difficultates
1350 2449 1468 2499 apud
1498 2460 1579 2488 nos
1608 2449 1874 2499 superarint,

255 2517 337 2545 suo
366 2507 543 2557 quidem
571 2508 666 2548 iure
696 2510 923 2560 postulant
943 2513 985 2550 et
1013 2512 1215 2551 obtinent
1244 2513 1402 2552 altiora
1431 2513 1594 2561 studia,
1626 2525 1739 2565 quae
1759 2513 1877 2553 Deus

255 2571 310 2610 ad
340 2583 466 2611 suam
496 2573 682 2623 gloriam
712 2574 1037 2627 Bohemiaeque
1067 2577 1254 2616 salutem
1285 2589 1541 2628 prosperare
1570 2578 1790 2630 dignetur.

333 2636 371 2675 3.
405 2635 529 2686 Quod
561 2649 665 2677 uero
695 2641 862 2689 spectat
891 2640 946 2679 ad
975 2643 1154 2681 externa
1185 2642 1361 2693 pietatis
1403 2654 1551 2694 opera,
1604 2643 1768 2694 quibus
1802 2654 1878 2694 per

255 2698 514 2740 Societatem
546 2701 665 2741 Deus
704 2704 891 2753 proximi
935 2705 1124 2745 salutem
1168 2718 1426 2757 promouere
1468 2707 1594 2754 solet,
1630 2707 1877 2758 penitentes

315 2842 334 2861 a
354 2835 465 2867 uiunt
488 2845 560 2869 ms.
584 2854 624 2859 —
647 2837 665 2863 b
685 2836 768 2870 Del.
794 2837 845 2870 in.

317 2977 327 2994 ¹
350 2975 435 3008 Otto
457 2976 674 3011 Truchsess.
699 2978 750 3011 Cf.
776 2979 1081 3020 BRAUNSBERGER‚
1106 2981 1129 3013 1.
1154 2990 1184 3014 c.
1210 2982 1281 3021 721,
1306 2983 1433 3015 annot.
1458 2983 1489 3015 2.

315 3030 328 3047 ²
349 3028 386 3061 P.
412 3029 543 3062 Petrus
565 3030 751 3071 Canisius,
776 3033 1027 3074 provincialis,
1042 3033 1114 3065 fuit
1136 3034 1275 3076 Pragae
1291 3044 1313 3067 a
1328 3035 1388 3068 die
1405 3036 1440 3067 11
1458 3035 1504 3068 ad
1522 3036 1560 3067 15
1575 3035 1674 3068 Iulii.
1692 3034 1782 3067 ibid.
1800 3035 1873 3068 718.
