2028 3531
507 272 588 308 568.
618 294 663 296 -
691 272 873 308 PAfflsus
905 272 915 305 l
949 269 1205 306 SEPTEMBRIS
1236 269 1321 304 1561
1620 268 1689 303 489

183 392 221 431 Ξ).
254 391 386 430 Hisce
415 391 573 430 diebus
606 391 907 429 Romanorum
938 389 1177 439 imperator
1198 389 1210 410 1
1234 387 1288 426 ad
1322 386 1519 437 reginam
1552 388 1735 424 matrem

103 456 223 496 dedit
266 456 431 502 literas,
477 456 641 506 quibus
686 455 844 494 nititur
874 453 1137 505 persuadere
1167 449 1423 491 sodalitium
1456 453 1658 489 nostruin
1689 449 1735 488 in

103 521 186 560 hoc
229 533 364 571 regno
411 520 736 559 admittendum
783 531 891 559 esse.
941 517 1121 568 Accepit
1160 517 1238 556 illa
1281 516 1447 563 literas.
1494 515 1601 564 legit
1620 522 1653 561 ²³,
1687 525 1737 553 ac

104 587 224 626 Patri
255 586 415 625 Pontio
444 598 619 625 onlnem
651 598 778 625 suam
809 596 985 636 operam
1019 582 1238 634 promisit.

181 652 220 692 6.
255 652 384 691 Pater
414 651 683 690 Paschasius
711 652 742 697 2',
775 661 921 689 rerum
951 648 1185 689 Societatis
1206 649 1384 686 nostrae
1414 646 1610 696 optimus
1641 657 1738 696 pro-

102 719 280 757 curator
307 719 349 756 et
380 719 516 767 pater,
550 716 721 756 nullum
755 728 845 755 non
875 715 1024 754 mouet
1071 713 1264 763 lapidem
1314 714 1361 752 ut
1404 711 1601 751 Societas
1632 709 1738 749 reci-

103 782 264 834 piatur,
289 782 517 833 maiorque
547 794 649 832 pars
679 781 766 821 diei
797 781 880 820 hac
910 780 955 819 in
986 791 1030 818 re
1060 779 1116 817 ab
1137 790 1188 817 eo
1213 777 1489 823 absumitur;
1514 775 1737 826 reliquum

102 848 220 899 quod
268 849 469 898 superest
515 847 742 898 temporis,
792 844 1151 886 confessionibus
1199 842 1436 882 audiendis
1483 843 1524 881 et
1554 852 1739 880 oecono—

102 913 216 952 miae
246 911 264 938 b
296 912 535 963 impendit3
569 912 767 962 adeoque
798 911 950 951 nullus
980 909 1019 949 ei
1050 909 1182 948 datur
1210 908 1350 954 locus,
1383 919 1472 958 quo
1502 916 1739 946 senescens

101 990 263 1029 corpus
291 978 574 1028 aliquantula
605 977 874 1017 recreatione
904 975 1204 1026 conquiescat.
1243 973 1422 1024 Reliqui
1454 973 1608 1012 Patres
1637 983 1739 1010 con-

102 1043 375 1083 fessionibus
404 1042 603 1094 quotidie
633 1042 869 1082 audiendis
898 1042 1173 1091 occupantur
1203 1039 1249 1078 in
1270 1038 1472 1090 proximo
1494 1036 1674 1088 templo,
1697 1037 1740 1075 et

102 1108 260 1148 diebus
291 1108 416 1147 festis
446 1109 493 1147 in
523 1108 629 1148 aede
659 1108 710 1148 D.
735 1106 968 1158 Germanj3
993 1105 1213 1157 reliquum
1236 1103 1448 1155 temporis
1470 1102 1736 1153 inpendunt,

102 1174 218 1214 sicut
246 1176 288 1214 et
317 1173 475 1214 fratres
505 1173 750 1221 domestici,
783 1173 1011 1213 literarum
1033 1171 1197 1223 studijs
1218 1172 1260 1210 et
1280 1169 1562 1210 orationibus
1582 1167 1736 1208 sacris.

182 1240 219 1279 7.
252 1239 390 1278 Binos
415 1239 591 1290 jamdiu
622 1239 780 1278 fratres
810 1237 959 1278 itineri
1008 1248 1193 1276 romano
1236 1234 1580 1281 destinauimus‚
1625 1245 1739 1285 quos

102 1305 189 1345 iam
221 1317 356 1356 prope
386 1306 572 1344 Romam
603 1317 700 1345 esse
730 1304 999 1344 arbitramur
1028 1304 1057 1343 ³.
1091 1303 1224 1342 Hisce
1258 1302 1417 1341 diebus
1446 1300 1612 1352 elapsis
1651 1312 1739 1339 ma-

101 1371 289 1423 gistrum
320 1370 553 1410 Nicolaum
584 1370 840 1410 Lietarduin
870 1371 912 1409 et
941 1369 1081 1408 alium
1113 1368 1292 1407 fratrem
1322 1365 1616 1406 domesticum
1637 1377 1739 1405 cum

102 1439 294 1488 quatuor
341 1437 444 1488 alijS
486 1436 563 1488 qui
594 1436 856 1476 Societatem
888 1434 1061 1486 ingredi
1092 1433 1294 1485 cupiunt,
1327 1432 1382 1472 ad
1413 1432 1466 1472 R.
1500 1432 1547 1471 P.
1581 1431 1629 1472 T.
1661 1430 1740 1470 nii-

102 1502 244 1542 simus
273 1505 311 1550 4;
344 1514 533 1554 quorum
565 1501 716 1541 iunior
755 1500 884 1540 facile
914 1500 961 1539 in
990 1499 1107 1551 regis
1137 1497 1445 1538 consiliarium
1489 1498 1583 1536 erat
1612 1508 1740 1547 coap-

102 1568 267 1608 tandus
296 1567 516 1607 absolutis
547 1567 696 1618 legum
726 1566 904 1617 studijS.
938 1566 1109 1604 Interea
1139 1563 1353 1615 quoniam
1389 1562 1510 1613 uiget
1540 1561 1741 1601 Lutetiae

103 1645 153 1673 ac
182 1635 408 1673 crassatur
438 1632 533 1684 [sic]
565 1632 613 1672 in
642 1632 737 1672 dies
759 1631 901 1683 magis
923 1631 1105 1670 morbus
1126 1629 1164 1670 is
1187 1630 1333 1681 (quem
1356 1629 1524 1679 pestem
1546 1627 1738 1677 vocant),

103 1711 158 1739 ne
188 1699 299 1738 fines
329 1700 522 1746 nostros,
555 1697 691 1737 immo
722 1709 802 1737 nec
830 1697 1003 1736 alienos
1032 1695 1222 1736 ulterius
1251 1694 1452 1741 inuadat,
1493 1692 1687 1744 petimus
1715 1704 1742 1732 a

103 1765 154 1806 R.
186 1765 234 1804 P.
268 1764 317 1804 T.
350 1764 501 1803 iubeat
530 1763 755 1803 orationes
785 1774 810 1801 a
841 1762 1049 1802 Patribus
1080 1763 1121 1801 et
1151 1759 1365 1800 fratribus
1394 1758 1504 1798 fieri.
1536 1758 1599 1798 De
1619 1759 1742 1809 peste

103 1829 181 1869 illa
209 1840 324 1881 quae
353 1828 529 1868 animos
558 1827 733 1867 obsidet
762 1829 804 1867 et
833 1839 925 1866 non
953 1837 1154 1877 corpora,
1182 1825 1353 1865 nullam
1375 1824 1448 1863 hic
1470 1822 1741 1862 mentionem

102 1894 232 1943 facio,
263 1905 449 1945 sperans
478 1893 663 1934 cuilibet
692 1892 938 1933 christiano
968 1891 1014 1931 id
1044 1890 1209 1942 negotij
1255 1889 1366 1930 satis
1394 1900 1491 1929 esse
1520 1899 1742 1928 commen-

102 1959 271 2007 datum,
303 1960 341 1999 si
372 1959 503 1999 modo
533 1958 683 2010 diligit
711 1958 960 2010 proximum
985 1968 1116 1997 suum
1137 1967 1277 2007 aeque
1298 1967 1349 1995 ac
1368 1966 1416 1995 se
1436 1954 1598 2006 ipsum.
1623 1953 1742 1994 Bene

102 2025 249 2064 valeat
278 2025 329 2064 R.
361 2024 410 2064 P.
444 2023 494 2064 T.
526 2023 574 2063 in
603 2023 720 2064 Chro
750 2023 864 2063 Dno.
886 2023 1007 2070 Jesu,
1030 2033 1166 2073 quam
1196 2032 1279 2060 nos
1309 2028 1324 2047 ⁰
1357 2030 1513 2060 omnes
1535 2018 1741 2070 precibus

102 2091 143 2130 et
172 2089 404 2141 sacrificijs
433 2088 545 2137 suis,
578 2090 626 2128 ut
655 2087 780 2128 iuuet
809 2088 1110 2127 obsecramus.
1143 2084 1235 2126 Cal.
1269 2084 1491 2136 Septemb.
1526 2083 1643 2123 1561.

210 2155 262 2194 R.
296 2155 343 2194 P.
377 2154 426 2194 T.
458 2154 675 2206 indignus
704 2153 841 2193 filius.

1238 2204 1308 2244 Jo.
1341 2203 1572 2243 RINATTUs
1602 2204 1631 2242 ⁵.

209 2297 285 2337 Ex.
305 2297 513 2337 mandato
543 2296 690 2336 Patris
718 2295 1025 2347 prouincialis.

209 2362 303 2403 Fol.
334 2363 436 2402 57V.
470 2361 825 2412 Quadrimestres
853 2359 1031 2411 collegii
1060 2358 1338 2411 parisiensis.

164 2518 183 2537 a
202 2509 366 2542 Emend.
391 2518 439 2542 eae
462 2509 630 2550 perlegit.
655 2527 695 2531 —
718 2508 737 2535 b
757 2507 897 2540 Praec.
932 2516 968 2540 v.
1004 2507 1049 2539 in
1084 2515 1225 2548 mary„
1258 2505 1380 2538 deleto
1413 2505 1459 2536 in
1493 2505 1611 2539 tea-tu,
1644 2502 1742 2544 quia

103 2563 266 2596 obscure
290 2564 516 2595 exaratum.
541 2581 582 2584 —
605 2570 620 2589 c
640 2561 766 2594 Prius
796 2569 950 2603 nosque.

167 2695 177 2712 ¹
202 2693 461 2726 Ferdinandus
484 2693 511 2726 I.

166 2749 178 2767 ⁵³
200 2747 238 2780 P.
264 2746 492 2779 Paschasius
514 2746 636 2784 Broet,
661 2746 802 2780 Galliae
825 2754 927 2787 prov.
953 2744 1202 2787 praepositus.

166 2802 179 2821 ³
201 2800 252 2834 Cf.
282 2800 409 2842 Epist.
434 2800 512 2832 PP.
537 2799 707 2836 fimet...
734 2800 805 2832 189.

167 2856 180 2874 ⁴
201 2854 309 2893 Ibid.‚
336 2854 407 2887 192.

166 2909 179 2928 ⁵
201 2908 243 2940 In
266 2903 458 2949 responsis
494 2907 540 2940 ad
574 2907 890 2948 interrogationes
924 2906 961 2939 P.
987 2906 1105 2938 Nadal
1128 2905 1207 2947 (III,
1232 2905 1307 2946 237)
1338 2904 1438 2937 datis
1461 2902 1618 2935 Tornaci
1642 2909 1742 2934 anno

105 2962 197 3001 1562,
223 2961 315 2994 dicit
338 2961 438 2993 inter
460 2961 535 2994 alia
558 2970 597 2993 se
620 2970 702 2993 esse
724 2969 771 2993 ex
792 2960 954 2993 dioecesi
979 2959 1177 2992 viennensi
1202 2959 1242 2991 in
1265 2957 1506 2999 Delphinatu,
1531 2955 1690 2998 triginta
1706 2955 1743 2989 et

105 3014 198 3047 duos
232 3015 369 3047 aetatis
393 3023 512 3047 annos
546 3015 676 3047 natum
710 3014 746 3046 et
769 3013 982 3055 ingressum
1016 3011 1239 3046 Societatem
1274 3011 1413 3044 Romae
1447 3010 1534 3042 ante
1563 3009 1744 3051 quattuor

106 3077 236 3108 annos,
261 3068 298 3100 et
320 3067 438 3100 fuisse
461 3067 617 3100 Parisiis
641 3068 677 3100 et
700 3067 869 3099 Tornaci.
