2028 3531
482 294 563 330 570.
590 314 633 320 —
660 293 905 330 VINDOBONA
933 293 950 329 1
980 293 1236 330 SEPTEMBRls
1266 293 1353 328 1561
1622 293 1691 329 513

183 413 250 453 54.
283 413 373 464 Alij
417 412 550 453 etiam
594 412 655 464 pij
702 411 1000 463 poenitentiae
1042 412 1368 458 obseruatores,
1410 412 1737 451 absolutionem

103 478 368 530 consequuti
411 478 793 525 sacramentalem,
825 477 1146 517 confessarium
1181 477 1294 516 vltro
1324 476 1531 516 adierunt
1570 476 1622 516 de
1654 488 1740 516 me-

103 544 192 596 dijS
220 544 275 583 ad
305 543 493 583 salutem
524 543 858 594 adipiscendam
888 542 1333 582 conuenientioribus
1360 542 1624 582 consulturi.
1648 542 1737 592 Alij

103 609 220 649 serio
248 609 302 648 de
332 608 693 649 restitutionibus
722 608 989 660 quibusdam
1015 607 1296 658 perficiendis
1316 609 1515 657 egerunt.
1546 607 1635 659 Alij
1668 619 1737 655 ne,

103 674 228 714 fictili
262 674 379 725 quod
426 675 655 725 portamus
698 674 846 714 oleum
889 673 1075 724 spiritus
1106 672 1151 711 in
1183 672 1383 719 uasculo,
1415 672 1646 720 deficeret;
1680 672 1741 712 ita

103 741 204 791 post
245 741 496 790 susceptam
540 739 744 791 gratiam,
789 750 1023 789 nouaeque
1066 738 1178 789 legis
1214 739 1557 786 sacramentum,
1607 737 1741 777 vitam

102 805 150 845 in
181 805 339 845 melius
382 807 728 853 commutarunt,
761 806 810 844 ut
840 804 1072 843 mensibus
1115 804 1324 855 singulis,
1358 815 1408 842 ac
1453 803 1644 842 maxime
1674 815 1741 842 so-

101 870 396 910 lemnioribus
425 869 542 910 S.¹¹¹=²e
574 870 773 921 Virginis
802 869 940 909 totius
971 868 1067 920 [sic]
1101 869 1442 916 festiuitatibus,
1474 868 1591 907 idem
1625 869 1741 908 salu-

102 935 360 983 berrimum,
393 946 444 975 ac
487 935 717 974 medendis
759 934 935 974 animae
980 934 1110 973 malis
1154 934 1388 984 optimum,
1435 933 1741 984 praesentissi-

102 1012 314 1051 mumque
361 1001 602 1040 remedium
649 1000 914 1040 lubentis.me
964 1011 1011 1039 se
1059 999 1334 1050 reposituros
1386 999 1738 1047 affirmauerint3

101 1065 221 1117 quod
250 1077 326 1105 eos
354 1066 497 1105 facere
527 1066 697 1116 cepisse
728 1064 947 1111 alacriter,
980 1066 1168 1104 constat.

181 1131 246 1171 55.
280 1131 382 1171 Fuit
402 1131 517 1171 inter
545 1132 629 1170 hos
649 1130 846 1182 quidam,
870 1142 895 1169 a
917 1130 1203 1181 turpissimae
1229 1130 1366 1177 necis,
1390 1130 1443 1169 de
1464 1137 1481 1156 ἃ
1502 1130 1737 1182 uxoricidij

101 1196 452 1248 cogitationibus
495 1196 804 1247 frequentibus
835 1207 911 1246 per
939 1195 1283 1237 confessionem.
1317 1194 1448 1235 Chro.
1481 1195 1593 1236 Dn0.
1625 1195 1739 1244 laus,

102 1263 351 1303 reuocatus.
384 1261 573 1312 Quidam
606 1273 724 1309 vero,
747 1261 902 1300 eodem
932 1261 1068 1300 ariete
1098 1261 1375 1312 euangelico,
1400 1273 1451 1300 eo
1482 1261 1552 1311 pie
1582 1261 1743 1312 impul·

101 1339 193 1375 sus,
240 1329 288 1367 ut
330 1328 502 1367 cuidam
548 1328 767 1379 quantum
811 1326 1015 1377 suspicor
1063 1326 1227 1377 virgini
1272 1326 1421 1366 datam
1467 1326 1740 1378 matrimonij

101 1393 247 1442 fidem,
279 1395 544 1433 asseruaret.

179 1458 246 1499 56.
278 1458 441 1498 Eodem
464 1458 658 1498 remedio
688 1469 798 1497 usus
827 1457 1009 1508 quidam
1040 1457 1314 1497 obstinatam
1345 1457 1565 1497 vindictae
1588 1457 1743 1497 volun-

101 1525 251 1572 tatem,
283 1535 372 1575 qua
402 1524 709 1563 aduersarium
742 1535 765 1562 a
796 1535 885 1574 quo
916 1523 1074 1562 laetale
1111 1522 1276 1562 vulnus
1320 1525 1549 1573 acceperat
1593 1522 1742 1563 viuere

100 1589 294 1637 nolebat,
328 1589 398 1641 pie
428 1589 649 1641 deposuit.
676 1590 718 1629 Is
747 1601 847 1629 011111
881 1589 970 1628 vita
1002 1589 1105 1636 fere,
1130 1591 1178 1628 ut
1209 1589 1392 1628 medicis
1424 1588 1690 1641 [videbatur]
1724 1589 1742 1615 b

100 1655 258 1695 fuisset
279 1662 294 1681 ⁶
328 1655 593 1702 destitutus;
627 1655 794 1694 illinito
824 1654 939 1694 circa
970 1657 1170 1705 tempora
1200 1666 1277 1705 per
1306 1654 1530 1705 quendam
1560 1666 1613 1694 ex
1643 1666 1742 1694 nos-

101 1720 181 1760 tris
223 1722 362 1768 110010,
394 1733 420 1760 3
464 1722 603 1760 morte
642 1722 708 1760 est
738 1720 867 1772 quasi
912 1722 1162 1760 reuocatus.
1197 1719 1439 1760 Confessus
1468 1722 1534 1759 est
1564 1720 1738 1759 tandem

100 1785 190 1834 ille,
222 1788 270 1826 ut
315 1786 474 1826 melius
508 1786 665 1837 potuit,
697 1785 902 1836 deposita
932 1785 1154 1824 vindictae
1184 1785 1423 1833 anxietate,
1457 1797 1522 1834 ac,
1555 1797 1606 1825 eo
1636 1787 1743 1825 tem-

99 1863 203 1902 pore
232 1851 452 1903 singulari
484 1851 678 1902 quadam
711 1851 886 1902 pietate,
922 1851 1152 1901 religione,
1185 1853 1318 1902 atque
1361 1851 1486 1890 cultu
1531 1851 1740 1901 percitus,

98 1917 500 1968 peregrinationem
542 1916 659 1957 Sume
700 1916 899 1968 Virginis
943 1916 997 1955 ad
1043 1916 1188 1967 ipsius
1232 1916 1417 1955 domum
1462 1917 1742 1956 lauretanam

99 1990 207 2034 pure
236 1994 287 2022 ac
316 1985 474 2034 sponte
505 1983 646 2023 uouit.
672 1982 875 2022 Mirabile
905 1982 1042 2029 dictu,
1066 1993 1167 2021 011111
1199 1982 1461 2022 demortuus
1491 1982 1743 2022 crederetur

99 2048 189 2093 ille,
221 2048 407 2100 eiusque
449 2048 646 2088 animam
677 2048 767 2088 Deo
813 2060 888 2099 per
931 2047 1198 2087 sacrificium
1231 2048 1395 2087 missae
1439 2048 1742 2087 confessarius

95 2113 220 2153 illius
249 2113 618 2161 commendasset,
650 2113 915 2153 breuissimo
947 2113 1159 2163 temporis
1189 2113 1351 2163 spatio,
1376 2125 1467 2152 non
1497 2113 1607 2152 citra
1640 2124 1742 2152 nos-

97 2179 267 2218 trorum
306 2178 663 2226 admirationem,
696 2178 751 2217 ad
781 2178 958 2229 collegij
992 2178 1109 2217 fores
1142 2178 1305 2229 pulsat,
1338 2178 1520 2217 sanitati
1567 2178 1743 2218 restitu-

99 2245 194 2292 tus;
227 2245 374 2295 atque,
403 2255 503 2283 cum
535 2243 723 2283 honesta
754 2243 919 2294 pariter
948 2255 997 2283 30
1028 2244 1101 2294 pia
1133 2255 1271 2283 uxore
1301 2245 1484 2294 paratus
1514 2244 1570 2283 ad
1601 2244 1742 2284 laure-

97 2311 254 2349 tanum
297 2309 395 2356 iter,
430 2311 671 2360 votumque
702 2309 792 2348 Deo
823 2311 861 2348 et
895 2309 1024 2348 Matri
1069 2309 1360 2355 reddendum,
1399 2311 1636 2360 vtrumque
1674 2321 1743 2349 sa-

97 2376 389 2421 cramentum,
439 2373 740 2425 poenitentiae
787 2376 829 2413 et
877 2373 1189 2415 eucharistiae.
1241 2374 1402 2414 iterum
1452 2386 1530 2425 pro
1579 2374 1741 2414 viatico

98 2439 258 2479 deuote
300 2439 511 2490 suscepit,
558 2439 918 2491 christianaeque
961 2439 1194 2479 charitatis
1237 2439 1399 2490 spiritu
1443 2440 1526 2480 1130
1570 2440 1741 2479 ratione

98 2505 402 2553 confirmatus,
423 2505 642 2556 sequenti,
667 2505 713 2544 ni
736 2505 881 2551 fallor,
901 2505 987 2552 die,
1006 2505 1112 2544 hinc
1137 2505 1378 2545 Lauretum
1405 2508 1471 2545 est
1501 2506 1738 2557 profectus.

179 2569 389 2621 Superest
432 2570 536 2617 iam,
583 2570 635 2611 R.
682 2571 919 2610 admodum
966 2583 1017 2610 ac
1059 2571 1190 2610 nobis
1243 2583 1416 2622 semper
1462 2571 1741 2611 obseruande

98 2635 144 2675 in
175 2634 306 2676 Chro.
340 2636 402 2683 Ρ.,
436 2638 483 2675 111
514 2635 767 2675 humillime
811 2647 1072 2675 communes
1103 2636 1286 2675 Patrum
1331 2636 1377 2675 in
1408 2636 1539 2676 Chro.
1572 2648 1623 2675 ac
1657 2636 1742 2675 fra-

97 2701 216 2740 trum
238 2703 495 2740 nostrorum
526 2700 751 2740 orationes
772 2703 815 2741 et
840 2700 1059 2740 sacrificia
1090 2701 1391 2752 frequentiora
1425 2713 1501 2752 pro
1532 2702 1614 2740 hac
1636 2701 1738 2740 Dni.

98 2765 295 2806 Sabaoth
342 2766 469 2806 Vinea
499 2778 524 2805 a
554 2766 602 2806 T.
637 2766 688 2806 R.
724 2767 770 2806 P.
805 2769 1024 2817 petamus,
1074 2767 1195 2818 quod
1238 2769 1280 2806 et
1325 2767 1515 2806 facimus
1563 2766 1740 2807 obnixe.

98 2832 239 2872 Dnus.
274 2833 450 2881 IHEsvs,
482 2832 612 2872 cuius
655 2844 812 2872 sumus
857 2833 976 2872 serui
1009 2833 1316 2883 vndecumque
1347 2832 1538 2884 indigni,
1571 2832 1617 2871 in
1649 2832 1742 2883 glo-

159 3023 178 3042 a
199 3024 238 3048 se
262 3025 333 3048 ms.
358 3035 398 3038 —
421 3015 440 3042 b
461 3015 542 3048 Hoc
566 3017 639 3047 ant
661 3016 795 3049 simile
818 3016 923 3049 verb.
942 3016 1173 3049 desiderari
1195 3017 1358 3049 videtur
1380 3017 1422 3048 sin
1451 3025 1520 3048 ms.
1552 3035 1591 3038 ——
1616 3024 1629 3043 c
1651 3016 1741 3048 fuis-

98 3076 138 3100 se
161 3077 233 3101 ms.

170 3162 331 3192 ermmuz
352 3163 631 3199 Quamnam-amns.
653 3181 685 3184 —
706 3164 786 3193 ΤοΜ.
807 3164 865 3192 VII
1634 3164 1669 3191 33
