2028 3531
351 277 420 312 686
825 278 1029 315 er'rssma
1055 279 1398 324 anmmswms

382 396 420 435 3.
456 396 640 446 Insuper
670 396 827 447 nouitij
860 396 1055 446 germani
1097 399 1184 436 tres
1226 397 1509 437 uehementer
1538 401 1696 450 urgent
1724 401 1767 439 et
1795 401 1922 440 obse-

304 463 443 505 crant,
474 472 562 511 quo
592 461 676 500 sibi
710 464 907 501 nostruin
940 462 1194 501 institutum
1224 462 1428 513 amplecti
1451 463 1593 503 liceat.
1618 464 1742 504 Vnus
1771 477 1921 505 eorum

306 527 528 577 utcunque
559 527 689 565 rebus
719 526 1017 577 grammaticis
1044 526 1255 573 imbutus,
1278 527 1350 566 sed
1384 528 1660 578 germanicae
1680 529 1923 580 scripturae

307 590 615 640 peritissimus,
655 602 705 629 ac
744 591 917 639 magnis
960 590 1191 642 utriusque
1236 591 1430 631 hominis
1475 592 1655 632 dotibus
1698 594 1923 644 praeditus

302 657 367 694 est
393 657 420 694 ¹.
454 655 542 705 Alij
573 655 661 694 duo
683 655 729 694 in
751 655 820 694 his
841 655 1051 694 omnibus
1080 655 1414 695 excellentiores
1435 658 1561 705 sunt3
1586 669 1773 708 quorum
1795 658 1920 704 alter,

302 719 452 767 latine,
484 719 746 770 germanice,
780 719 939 766 italice,
974 720 1196 770 ungarice,
1225 720 1477 760 sclauonice
1505 733 1638 772 quam
1668 722 1832 772 optime
1861 723 1922 762 lo-

302 784 454 834 quitur
481 785 509 823 2.
544 784 661 824 Deus
704 796 778 823 eos
823 784 913 823 uoti
958 786 1183 835 compotes
1227 785 1393 833 reddat,
1425 787 1466 825 et
1505 788 1736 827 conseruet
1766 787 1812 826 in
1841 787 1920 836 eis,

302 849 419 899 quod
449 851 657 899 operatus
686 851 752 888 est
781 850 809 888 ³.

379 913 418 953 4.
451 913 628 961 Verum,
660 915 705 952 ut
737 925 876 963 pauca
896 913 1103 964 deinceps
1123 914 1337 965 attingam
1369 915 1422 954 de
1451 915 1628 967 studijs,
1651 915 1760 956 adeo
1789 916 1921 956 etiam

302 977 392 1025 illa,
424 990 537 1029 quae
567 980 671 1017 sunt
700 978 874 1029 collegij
908 978 1080 1029 priuata
1125 990 1215 1018 non
1258 979 1539 1027 omittuntur,
1572 982 1621 1020 ut
1650 982 1820 1031 praeter
1848 981 1923 1021 do-

303 1043 506 1082 mesticas
534 1043 748 1093 quasdam
780 1043 1005 1087 lectiones,
1037 1055 1149 1094 quae
1178 1043 1290 1083 fiunt
1320 1044 1533 1095 quotidie,
1561 1045 1844 1096 repetitiones
1871 1057 1922 1086 ac

300 1107 624 1157 disputationes
653 1107 705 1146 de
735 1108 926 1158 singulis
972 1108 1289 1158 propemodum
1331 1109 1509 1149 scholae
1551 1109 1817 1150 lectionibus
1845 1110 1920 1150 ha-

300 1172 500 1211 beantur.
535 1172 582 1211 ld
612 1184 662 1211 eo
691 1172 868 1223 quidem
902 1172 1057 1211 maiori
1102 1173 1246 1213 fructu
1276 1175 1319 1213 et
1348 1173 1574 1213 alacritate
1603 1174 1697 1213 fieri
1727 1174 1918 1223 uidetur,

299 1247 387 1286 quo
418 1236 582 1275 maiora
614 1237 861 1276 studiorum
893 1237 1164 1277 incrementa
1194 1240 1370 1278 nostrae
1399 1238 1578 1278 scholae
1613 1239 1700 1279 iam
1730 1250 1921 1279 accesse-

300 1303 416 1340 runt.
449 1301 574 1349 Nam,
603 1303 651 1340 ut
680 1313 826 1341 nouus
856 1302 1096 1342 lectionum
1118 1303 1346 1353 catalogus
1367 1303 1655 1351 demonstrat,
1678 1304 1733 1343 ab
1763 1304 1920 1344 ultima

298 1366 547 1405 studiorum
596 1366 886 1406 innouatione
934 1379 1023 1406 non
1072 1368 1201 1407 modo
1248 1370 1458 1407 constans
1487 1370 1530 1407 et
1563 1368 1695 1408 solita
1741 1368 1920 1420 linguae

298 1430 580 1480 graecanicae
622 1430 751 1469 lectio
795 1431 856 1470 ita
900 1431 1058 1482 uiguit,
1092 1433 1140 1471 ut
1184 1431 1480 1471 nihilominus
1518 1432 1741 1483 discipuli,
1785 1445 1919 1484 quam

298 1494 453 1533 fratres
484 1495 638 1541 nostri,
662 1497 751 1534 tam
772 1495 890 1543 stilo,
914 1508 1047 1546 quam
1070 1496 1223 1547 lingua
1246 1497 1459 1547 paulatim
1486 1497 1680 1548 graecari
1710 1497 1916 1545 audeant,

297 1571 452 1599 uerum
482 1560 613 1599 etiam
643 1560 888 1609 dialectica,
921 1561 1246 1609 mathematica,
1279 1564 1319 1601 et
1350 1562 1583 1602 haebraica
1619 1562 1768 1602 studia
1796 1563 1918 1602 foeli-

296 1623 417 1671 citer,
450 1636 529 1664 nec
559 1624 826 1676 infrequenti
857 1626 1159 1665 studiosorum
1191 1638 1375 1666 numero
1409 1629 1563 1678 coepta
1592 1629 1709 1669 sunt.
1738 1627 1791 1667 Et
1818 1639 1917 1667 cum

296 1689 543 1729 studiorum
575 1690 883 1730 innouationis
912 1691 1117 1730 inciderit
1146 1691 1313 1731 mentio
1346 1700 1380 1739 a,
1412 1704 1502 1731 non
1536 1692 1719 1732 omnino
1753 1694 1918 1744 praete-

297 1753 513 1793 reundum
544 1754 734 1803 uidetur,
766 1756 884 1807 quod
914 1755 933 1781 b
962 1755 1138 1795 duobus
1167 1756 1427 1807 theologice,
1459 1768 1509 1796 ac
1538 1757 1731 1796 todidem
1761 1757 1918 1797 diebus

296 1819 618 1867 mathematice,
651 1820 892 1869 dialectice,
924 1821 1066 1860 ethice
1095 1823 1137 1860 et
1172 1821 1376 1870 oratorie,
1408 1833 1487 1861 nec
1530 1822 1806 1871 infoeliciter,
1837 1822 1916 1862 Dei

295 1884 452 1935 gratia,
484 1884 542 1924 sit
570 1884 859 1935 disputatum.
891 1886 953 1925 Ac
983 1898 1037 1925 ne
1068 1886 1166 1926 rudi
1190 1887 1325 1937 uulgo
1355 1898 1437 1926 sua
1465 1899 1641 1938 quoque
1669 1887 1916 1927 consolatio

294 1949 478 1993 deesset,
510 1949 731 2001 insignem
761 1951 986 2001 quandam
1006 1953 1048 1990 et
1068 1962 1239 1990 sacram
1270 1951 1429 1990 Adami
1465 1952 1726 2003 protoplasti
1747 1963 1916 1992 comoe-

294 2013 428 2062 diam,
459 2015 683 2064 spectante
712 2015 905 2054 maxima
934 2015 1178 2063 doctorum,
1210 2016 1445 2064 nobilium,
1482 2018 1524 2056 et
1553 2016 1699 2056 omnis
1742 2016 1916 2068 generis

295 2078 526 2118 hominum
571 2079 870 2127 multitudine,
908 2092 984 2131 per
1025 2082 1201 2120 nostros
1244 2081 1504 2132 discipulos,
1548 2083 1672 2122 tanto
1714 2081 1915 2121 omnium

295 2142 455 2191 fructu,
487 2146 653 2195 quanto
683 2145 903 2196 applausu
932 2145 1231 2185 exhibuimus.
1256 2146 1406 2186 Multis
1435 2147 1553 2186 enim
1575 2146 1689 2186 actio
1710 2146 1801 2194 illa,
1824 2158 1914 2186 non

295 2207 424 2247 modo
454 2208 726 2260 singularem
756 2209 1037 2250 deuotionem
1069 2211 1232 2258 attulit,
1265 2211 1341 2250 sed
1370 2212 1574 2262 copiosas
1602 2211 1749 2259 etiam,
1773 2213 1822 2251 ut
1849 2211 1915 2250 in·

334 2352 353 2371 a
373 2343 515 2376 mensio
538 2353 609 2378 ms.
633 2363 673 2367 —
696 2345 715 2371 b
735 2344 816 2377 Del.
842 2345 880 2377 in

355 2470 365 2487 ¹
388 2468 429 2500 In
453 2468 621 2509 catalogo
655 2468 765 2509 paulo
800 2469 973 2510 superius
1007 2470 1124 2502 citato
1159 2471 1333 2502 censetur
1366 2470 1546 2512 Sampson
1570 2470 1654 2509 Leb,
1683 2470 1910 2509 viennensis

295 2533 310 2549 «
333 2521 500 2553 novitius
524 2521 562 2553 in
586 2521 769 2554 Societate
793 2531 857 2563 per
881 2532 995 2554 unum
1029 2532 1191 2555 mensem
1213 2536 1243 2559 >›,
1269 2524 1313 2556 de
1336 2534 1409 2565 quo
1432 2524 1471 2556 in
1494 2524 1603 2556 catal.
1628 2524 1766 2556 mensis
1789 2523 1911 2556 Martii

293 2574 373 2605 1563
395 2574 450 2615 (in
474 2574 553 2607 eod.
589 2574 667 2607 cod.
692 2575 715 2607 f.
740 2575 854 2615 317v-)
878 2575 976 2607 inter
998 2576 1072 2607 alia
1105 2576 1269 2608 dicitur:
1294 2589 1309 2605 «
1332 2576 1477 2618 Optime
1500 2576 1631 2609 scribit
1667 2576 1811 2608 litteras
1834 2585 1912 2618 ger-

293 2627 534 2663 manicas
559 2626 671 2659 habet
694 2628 838 2668 praxim
862 2637 983 2660 rerum
1007 2628 1213 2661 aulicarum
1237 2630 1273 2661 et
1296 2630 1540 2662 cancellariae
1562 2643 1593 2663 ».

353 2682 364 2699 2
387 2680 429 2712 In
452 2680 577 2712 eodem
601 2680 768 2722 catalogo
792 2682 880 2713 anni
906 2682 986 2713 1562
1008 2683 1221 2714 recensetur
1247 2695 1261 2710 «
1285 2682 1444 2715 Thomas
1468 2683 1682 2716 Carniensis
1717 2682 1823 2724 [alias
1859 2682 1911 2714 di-

291 2732 388 2764 citur
410 2732 597 2775 schlavus]
622 2733 792 2766 nouitius
825 2743 924 2766 nunc
948 2735 1134 2767 admissus
1168 2736 1350 2768 maximae
1374 2736 1464 2777 spei,
1489 2737 1529 2768 vt
1551 2736 1710 2775 videtur,
1735 2735 1910 2768 robustus

291 2794 452 2826 corpore,
477 2786 620 2827 peritus
654 2787 853 2819 multarum
887 2787 1112 2829 linguarum,
1139 2788 1280 2821 scilicet
1304 2789 1455 2828 latinae,
1480 2789 1724 2830 germanicae,
1750 2788 1910 2820 bohemi-

290 2847 365 2877 cae,
391 2838 630 2880 hungaricae,
655 2839 917 2872 schlauonicae
940 2853 970 2873 ».
996 2840 1143 2873 Nullum
1178 2841 1331 2873 dubium
1366 2851 1447 2874 esse
1470 2842 1618 2874 videtur
1648 2841 1740 2883 quin
1773 2841 1818 2873 de
1841 2841 1909 2873 hoc

291 2891 341 2922 sit
364 2899 494 2923 sermo.

352 2945 364 2962 ³
386 2943 439 2975 Ex
462 2944 770 2977 annotationibus
804 2945 1110 2986 praecedentibus
1144 2947 1297 2987 apparet
1331 2947 1423 2979 illud
1463 2960 1477 2975 ‹<
1502 2947 1636 2988 urgent
1640 2972 1703 2979 .....
1728 2955 1802 2988 quo
1835 2945 1907 2978 sibi

290 2997 457 3029 nostrum
482 2997 698 3029 institutum
723 2999 893 3040 amplecti
917 2999 1027 3031 liceat
1050 3011 1079 3038 »,
1116 2999 1274 3040 intelligi
1310 3000 1441 3032 debere
1471 3013 1485 3028 «
1510 3000 1616 3032 modo
1649 2999 1775 3031 stabili
1799 3011 1815 3027 »
1841 3008 1905 3031 seu

293 3063 308 3078 «
334 3050 431 3082 votis
454 3050 601 3082 emissis
624 3063 653 3083 ».
