2028 3531
397 293 478 330 576.
506 316 549 319 —
578 294 812 331 ΜΕΤΗΥΜΝΑ
839 294 972 332 CAMm
998 295 1021 331 5
1047 294 1304 330 SEPTEMssms
1333 295 1418 330 1561
1613 294 1683 330 539

96 424 248 452 eorum
279 412 510 459 sedulitas,
542 413 707 464 quibus
737 413 979 453 domestica
1017 413 1159 453 officia
1199 415 1305 452 sunt
1339 414 1520 456 credita.
1554 414 1727 453 tametsi

99 489 288 529 magnus
317 477 416 517 istis
446 477 699 529 impendeat
737 479 887 526 labor,
920 490 1022 518 nam
1069 478 1196 529 pauci
1241 490 1338 517 cum
1386 478 1490 525 sint,
1524 479 1730 529 plurimis

97 542 294 594 negociis
322 545 620 594 occupantur;
668 544 781 584 nulli
827 546 973 583 tamen
1019 543 1097 583 Dei
1141 543 1311 583 auxilio
1357 544 1513 583 fratres
1551 544 1726 583 desunt.

96 607 159 646 Ex
197 607 382 647 coeteris
424 607 606 659 quidam
651 609 864 660 legendae
906 608 1219 659 grammaticae
1264 609 1373 648 dant
1417 620 1596 659 operam
1640 620 1729 648 non

95 673 192 713 sine
221 674 519 724 spectantium
547 675 726 726 gaudio,
750 674 1157 725 aedificationeque.
1192 675 1502 725 Preceptorum
1533 674 1729 714 laborem

95 738 265 778 fructus
295 738 454 790 ingens
483 740 795 791 consequitur;
827 742 985 779 curant
1014 739 1131 779 enim
1158 742 1203 778 ut
1234 739 1490 779 scholastici
1523 746 1727 790 (quorum

96 815 308 844 numerus
337 804 494 844 crescit
524 805 568 844 in
599 805 709 856 dies)
742 808 835 845 tum
866 805 1024 854 literis,
1058 807 1150 845 tum
1182 805 1347 845 uirtute
1377 805 1637 844 clarescant.

173 869 212 908 2.
245 868 615 910 Confessionibus
646 871 883 910 audiendis
914 873 1074 910 uacant
1104 871 1378 917 sacerdotes;
1411 870 1514 921 alijs
1544 870 1728 910 insimul

94 934 361 975 incumbunt.
399 935 713 987 spiritualibus
751 937 989 988 exercitiJ's,
1035 936 1186 988 qualia
1231 936 1374 987 poscit
1416 936 1628 984 Societas,
1673 936 1728 975 ad

93 1011 207 1050 quae
236 1000 292 1040 ab
322 1000 484 1041 exteris
527 1001 793 1049 innitantur,
840 1014 997 1053 nempe
1027 1004 1075 1041 ut
1105 1002 1266 1041 solatio
1309 1001 1399 1041 sint
1442 1001 1488 1041 in
1533 1013 1729 1041 moerore

93 1065 267 1116 positis,
299 1058 436 1118 utque
466 1067 747 1107 moribundis
788 1067 1026 1115 assistant3
1072 1067 1238 1119 quibus
1281 1067 1543 1107 muneribus
1587 1067 1728 1106 nostri

93 1130 344 1182 funguntur
363 1143 464 1171 cum
486 1132 681 1172 maximo
703 1135 769 1181 (ut
791 1134 903 1182 reor)
928 1133 1231 1184 proximorum
1252 1133 1484 1172 commodo
1510 1132 1725 1172 omnium.

92 1196 361 1247 Saepissime
390 1197 708 1238 confitentibus
737 1199 892 1238 adesse
927 1198 1179 1238 sacerdotes
1214 1200 1391 1238 nostros
1426 1198 1725 1238 necessarium

91 1263 172 1302 est.
206 1262 457 1302 Fatentium
502 1275 715 1303 numerus
760 1276 848 1303 non
894 1264 952 1303 ita
999 1264 1169 1315 pridem
1213 1264 1358 1315 coepit
1401 1275 1651 1304 excrescere
1681 1263 1727 1303 in

92 1328 281 1376 tantum,
314 1329 363 1367 ut
392 1328 517 1368 nulla
548 1328 636 1368 fere
657 1328 752 1368 dies
784 1331 1042 1379 praetereat,
1071 1329 1180 1381 quin
1211 1330 1287 1380 qui
1319 1329 1662 1376 communicent,
1687 1330 1729 1368 et

91 1391 285 1431 animam
317 1392 497 1443 expient
525 1393 645 1432 domi
683 1395 859 1433 nostrae
891 1394 1139 1434 videantur.
1173 1394 1315 1434 Taceo
1336 1394 1455 1445 quod
1486 1394 1610 1433 festis
1640 1393 1730 1433 die-

91 1457 190 1505 bus,
223 1457 414 1497 maxime
444 1458 490 1497 in
521 1458 867 1508 solennissimis‚
903 1459 1031 1499 multi
1063 1460 1305 1499 confluant.
1353 1459 1514 1500 Uidere
1559 1459 1643 1499 fuit
1682 1459 1727 1498 in

92 1521 202 1562 festo
224 1522 560 1574 Assumptionis
590 1524 874 1563 beatissimae
897 1524 1096 1575 Virginis
1119 1537 1261 1576 nuper
1280 1525 1448 1576 elapso,
1472 1537 1560 1576 quo
1582 1525 1729 1564 dome-

90 1587 189 1627 stici
212 1588 365 1627 Patres
385 1589 709 1628 confessionem
734 1590 822 1629 fere
842 1592 1018 1629 centum
1037 1593 1079 1629 et
1095 1590 1423 1642 quinquaginta
1439 1590 1725 1630 audiuerunt.

169 1654 207 1693 3.
242 1653 372 1693 Pater
401 1656 556 1701 rector,
592 1657 763 1705 praeter
791 1667 923 1706 quam
947 1656 1066 1707 quod
1087 1655 1269 1695 domum
1292 1656 1419 1707 regit,
1443 1657 1484 1695 et
1505 1668 1551 1695 se
1573 1655 1729 1707 gnaui-

90 1721 156 1759 ter
190 1722 360 1760 exercet
381 1720 426 1759 in
451 1721 712 1772 ministerijs
744 1722 925 1761 Patrum
952 1724 1242 1770 coeterorum,
1275 1722 1533 1762 concionem
1565 1722 1728 1761 habere

89 1785 251 1825 solitus
281 1788 361 1833 est,
394 1786 522 1826 cuius
566 1798 793 1826 sermones
837 1788 929 1827 tam
969 1788 1012 1827 in
1052 1787 1246 1827 maximo
1289 1788 1470 1838 templo,
1517 1799 1649 1839 quam
1681 1787 1727 1826 in

89 1850 317 1902 coenobijS
338 1853 380 1890 et
402 1851 547 1891 medio
578 1852 672 1891 foro
704 1852 834 1902 (solet
863 1853 979 1892 enim
1013 1853 1257 1904 aliquando
1289 1865 1489 1892 mensam
1519 1864 1729 1892 conscen-

89 1915 191 1955 dere
220 1918 276 1961 et,
309 1915 598 1957 multitudine
632 1921 900 1969 congregata
940 1918 1140 1958 uirorum
1180 1919 1398 1970 cuiusque
1437 1918 1724 1967 conditionis,

89 1980 135 2020 in
165 1981 450 2021 celeberrima
482 1982 811 2034 methymnensi
857 1984 1002 2034 platea
1046 1986 1199 2023 contra
1243 1984 1411 2023 scelera
1453 1983 1724 2034 debachari),

89 2046 180 2086 Deo
212 2047 383 2098 placere
413 2047 526 2087 nulli
558 2060 646 2087 non
681 2048 896 2089 iudicant.

167 2112 206 2152 4.
241 2112 472 2152 Praeterea
501 2112 666 2153 Christi
697 2114 915 2163 doctrina,
948 2114 1012 2154 uti
1045 2127 1140 2154 mos
1169 2116 1250 2163 est,
1283 2115 1459 2154 canitur
1487 2114 1727 2154 dominicis

87 2179 130 2216 et
172 2177 297 2217 festis
340 2178 514 2225 diebus,
560 2179 638 2219 sed
681 2181 917 2231 postquam
963 2180 1120 2220 fratres
1160 2180 1296 2220 calles
1340 2180 1724 2231 perambularunt,

87 2242 334 2283 deueniunt
363 2243 409 2283 in
440 2244 628 2295 plateam
663 2245 738 2284 ubi
783 2257 917 2296 super
961 2257 1176 2293 mensam,
1223 2246 1477 2285 astantibus
1523 2244 1725 2296 paruulis

87 2309 128 2347 et
157 2308 340 2353 adultis.
372 2309 532 2349 deuote
561 2309 809 2349 doctrinam
841 2311 1144 2351 modulantur.

165 2372 203 2412 5.
239 2373 416 2413 Festum
462 2373 743 2414 Sanctissimi
789 2375 998 2426 Corporis
1043 2375 1207 2416 Christi
1238 2377 1509 2416 celebratum
1539 2377 1605 2415 est
1635 2387 1724 2415 uno

88 2437 204 2478 intra
249 2441 453 2479 octauam
498 2440 584 2488 die,
631 2441 719 2481 ritu
762 2441 939 2492 quidem
989 2442 1322 2485 solennissimo,
1370 2442 1439 2481 cui
1486 2441 1725 2481 interfuere

87 2503 284 2554 plurimi,
317 2506 360 2544 et
389 2504 434 2544 in
465 2505 536 2545 his
567 2505 737 2557 aliquot
770 2507 966 2556 religiosi
990 2509 1031 2546 et
1052 2509 1255 2547 cantores
1287 2507 1484 2546 matricis
1514 2506 1724 2546 ecclesiae

87 2580 178 2608 non
208 2569 366 2610 vocati.
397 2570 628 2622 Templum
656 2573 698 2610 et
728 2571 812 2611 loci
836 2584 912 2623 per
941 2584 1054 2623 quos
1086 2573 1309 2623 processio
1342 2572 1522 2623 transijt
1552 2571 1723 2611 aulaeis

87 2633 376 2686 mirificisque
419 2635 598 2687 tapetijs
628 2637 774 2676 ornati
806 2639 925 2678 sunt.
972 2638 1154 2677 Peracta
1198 2650 1374 2689 pompa,
1419 2638 1547 2677 Pater
1583 2639 1725 2676 rector

88 2699 361 2749 praedicauit
399 2701 578 2752 optime.
626 2701 785 2742 Omnia
830 2714 944 2754 quae
988 2703 1060 2743 his
1104 2703 1150 2742 in
1201 2703 1419 2755 solennijs
1450 2702 1720 2749 acciderunt,

86 2764 374 2805 uenientibus
394 2778 567 2806 summe
591 2767 866 2817 placuerunt.
901 2768 1007 2808 Post
1037 2769 1264 2808 meridiem
1296 2768 1596 2808 celebritatem
1626 2778 1722 2807 eam

86 2829 238 2870 haberi
270 2831 507 2871 consilium
541 2832 649 2879 fuit,
690 2845 779 2884 quo
810 2833 974 2873 factum
1005 2836 1087 2882 est,
1121 2837 1169 2874 ut
1211 2834 1409 2885 conuiuij
1458 2833 1723 2885 prandiique

89 2895 289 2935 molestia
320 2896 551 2944 uitaretur,
584 2909 698 2948 quae
728 2898 861 2938 solita
890 2901 956 2938 est
987 2899 1149 2939 bonam
1194 2900 1280 2939 sibi
1320 2899 1419 2939 festi
1455 2899 1592 2939 huius
1622 2910 1722 2950 par-

85 2961 170 2999 tem
203 2961 454 3001 uendicare.

164 3026 203 3066 6.
238 3026 331 3067 Hoc
361 3026 408 3066 in
437 3027 626 3079 collegio
648 3028 772 3068 salus
801 3031 868 3068 est
897 3032 939 3069 et
970 3030 1178 3070 valetudo
1208 3030 1396 3082 integra,
1428 3030 1516 3070 nisi
1546 3032 1721 3070 tantum

86 3091 164 3130 uni
194 3092 271 3142 qui
302 3091 347 3131 in
378 3092 491 3132 lecto
521 3094 654 3133 cubat
683 3096 724 3133 et
753 3095 881 3146 graui
922 3096 1076 3135 morbo
1114 3096 1350 3137 detinetur.
1392 3096 1618 3136 Hactenus
1647 3097 1722 3137 do-
