2028 3531
594 279 674 315 548.
702 300 745 305 —
773 279 918 316 PRAGA
944 279 991 314 025
1020 279 1206 316 Auousm
1235 279 1322 315 1561
1660 281 1727 317 397

903 508 1016 558 548

522 650 576 700 Ρ.
628 650 971 701 HENRICUS
1022 650 1397 701 BLISSEMIUS

638 786 777 813 PRAGA
811 776 858 812 25
893 787 1072 813 Aueusri
1106 777 1192 813 1561
1229 778 1252 814 ¹.

139 900 178 935 1.
206 897 270 935 De
300 897 542 936 domestica
580 897 837 948 disciplina.
881 899 945 936 De
987 899 1136 937 sociis.
1167 899 1231 937 De
1272 899 1432 938 Patris
1470 898 1778 938 Provincialis

247 963 519 1002 visitatione.
552 985 603 990 ——
633 967 675 1002 2.
706 964 823 1002 Novi
851 964 1028 1014 collegii
1057 964 1237 1004 alumni
1273 965 1526 1004 laudantur
1541 979 1555 1012 ,·
1583 977 1777 1015 quorum

246 1028 393 1078 aliqui
423 1029 480 1067 ad
500 1028 763 1068 Societatem
792 1030 1015 1080 aspirant.
1045 1030 1286 1069 Parantur
1304 1030 1480 1070 scholae
1508 1031 1777 1080 superiores.

245 1115 297 1120 —
318 1097 360 1133 3.
381 1094 565 1133 Navant
592 1095 740 1133 nostri
760 1107 942 1145 operam
969 1095 1161 1134 hussitis
1190 1096 1230 1135 et
1259 1096 1436 1135 iudaeis
1460 1096 1510 1134 ut
1530 1096 1576 1134 hi
1596 1096 1779 1134 catholi-

247 1172 345 1199 cam
366 1160 599 1199 veritatem
629 1161 825 1210 capiant.
848 1182 900 1187 —
927 1164 972 1200 4.
1001 1161 1144 1200 Paces
1164 1162 1284 1200 inter
1312 1161 1631 1200 ecclesiasticos
1655 1162 1779 1200 viros

245 1237 347 1264 cum
377 1225 589 1272 aliorum,
611 1226 748 1264 etiam
780 1225 1139 1274 lutheranorum,
1167 1226 1476 1275 aedificatione
1505 1239 1777 1277 componun-

248 1290 336 1329 tur.
369 1311 420 1317 -
450 1294 492 1328 5.
521 1290 807 1329 Ferdinandi
829 1292 1055 1341 principis
1084 1303 1193 1342 erya
1222 1293 1366 1330 socios
1394 1291 1612 1330 studium.

220 1414 257 1454 1.
290 1413 383 1453 Pax
412 1412 578 1454 Christi
609 1412 705 1454 Este
730 1413 776 1454 in
811 1413 989 1455 Christo
1020 1415 1164 1456 Pater.
1190 1415 1280 1468 [Eae
1310 1416 1632 1456 consuetudine
1665 1417 1777 1455 scri-

139 1479 238 1532 bit.]
271 1480 323 1519 In
352 1479 436 1519 hac
465 1479 603 1531 igitur
631 1479 871 1520 Bohemica
909 1480 1090 1520 Domini
1121 1493 1278 1528 messe,
1311 1480 1507 1532 exceptis
1541 1480 1634 1520 illis
1664 1492 1778 1531 quos

137 1545 383 1598 oybinense
412 1545 734 1585 monasterium
764 1545 912 1594 habet,
935 1546 1187 1586 sacerdotes
1212 1548 1301 1586 tres
1329 1549 1372 1586 et
1401 1546 1560 1586 fratres
1590 1546 1654 1594 15.
1687 1557 1777 1585 om-

138 1622 218 1652 nes
248 1622 325 1662 per
352 1612 433 1652 Dei
462 1609 745 1652 clementiam
774 1614 963 1663 utroque
992 1611 1175 1651 homine
1204 1611 1304 1651 sani
1331 1623 1578 1652 uersamur.
1611 1611 1664 1650 Et
1688 1623 1777 1662 quo

138 1679 374 1731 praecipue
410 1678 698 1719 confirmetur
740 1677 927 1717 interior
955 1677 1096 1716 animi
1131 1676 1317 1723 sanitas,
1350 1676 1533 1716 assidua
1562 1676 1778 1716 constitu-

137 1744 312 1785 tionum
341 1746 597 1785 nostrarum
625 1743 926 1784 declaratione
956 1742 1008 1782 R.
1032 1742 1081 1782 P.
1106 1744 1248 1782 rector
1276 1743 1291 1766 2
1322 1741 1567 1792 plurimum
1596 1741 1774 1792 satagit.

137 1810 203 1850 Ex
231 1810 444 1850 fratribus
473 1811 621 1850 autem
651 1811 817 1860 septem
848 1808 1103 1859 spiritualia
1141 1807 1376 1848 Societatis
1415 1807 1625 1847 exercitia
1652 1808 1777 1846 tanto

138 1876 300 1923 fructu,
344 1877 513 1927 quanta
555 1874 804 1926 diligentia,
850 1886 994 1925 nuper
1039 1873 1349 1920 absoluerunt,
1399 1885 1591 1924 quorum
1640 1884 1774 1918 unus,

137 1941 241 1981 licet
282 1953 390 1981 suae
420 1940 698 1992 probationis
742 1939 974 1980 biennium
1004 1939 1205 1979 nondum
1240 1938 1425 1978 omnino
1470 1937 1774 1989 transegisset,

136 2019 189 2047 eo
218 2009 367 2046 tamen
397 2006 443 2046 in
472 2007 556 2046 hac
599 2005 836 2046 uocatione
879 2016 1143 2056 progressus
1172 2008 1254 2052 est,
1289 2006 1336 2044 ut
1378 2015 1513 2044 sensu
1543 2015 1678 2055 quam
1708 2015 1777 2042 ae-

138 2073 227 2112 tate
257 2071 474 2111 maturior
502 2071 678 2119 existat,
711 2082 762 2110 ac
791 2070 992 2121 proinde,
1024 2070 1143 2120 quod
1175 2069 1462 2109 uehementer
1495 2068 1776 2108 desideraue-

139 2139 221 2185 rat,
253 2149 278 2177 a
310 2137 360 2178 R.
395 2137 442 2177 P.
489 2136 758 2188 prouinciali
802 2136 859 2175 sit
902 2137 1224 2185 consequutus,
1256 2136 1306 2174 ut
1348 2134 1526 2174 emissis
1569 2133 1778 2173 uidelicet

137 2202 420 2254 simplicibus
450 2202 569 2242 uotis
597 2209 631 2250 a,
664 2202 831 2241 arctius
873 2213 975 2241 cum
1020 2200 1198 2241 Christo
1228 2200 1275 2239 in
1314 2200 1398 2239 hac
1427 2198 1645 2239 Societate
1675 2210 1777 2238 con-

138 2267 398 2319 iungeretur
431 2269 459 2308 3.
498 2268 618 2307 [dem
649 2279 828 2319 quoque
857 2266 1121 2306 beneficium
1152 2265 1310 2305 diuina
1349 2264 1492 2316 gratia
1522 2264 1574 2304 R.
1608 2264 1655 2303 P.
1689 2275 1778 2303 rec-

136 2333 239 2382 tori,
276 2335 318 2373 et
348 2333 474 2381 mihi,
511 2333 614 2373 licet
642 2332 845 2372 omnium
875 2331 1209 2383 indignissimo,
1241 2330 1456 2382 contigit3
1494 2341 1593 2369 cum
1623 2329 1641 2355 ¹³
1671 2330 1776 2368 uota

136 2401 290 2439 nostra
332 2399 554 2450 simplicia
584 2402 614 2446 4,
647 2398 778 2438 nobis
821 2397 868 2438 in
916 2397 968 2436 R.
1002 2397 1050 2436 P.
1083 2396 1378 2448 prouincialis
1418 2394 1642 2442 manibus,
1674 2405 1776 2433 cum

199 2567 218 2586 a
239 2559 340 2592 uotis
362 2568 489 2600 supra
512 2568 614 2591 vers.
638 2578 677 2581 —
699 2558 719 2585 b
739 2558 823 2591 Del.
848 2567 927 2591 nra.

200 2710 210 2728 ²
234 2709 287 2741 Ex
309 2709 525 2751 apographo
547 2717 683 2741 coaevo
723 2708 763 2740 in
786 2707 866 2741 cod.
895 2707 1025 2740 Germ.
1050 2707 1134 2743 139,
1159 2706 1183 2739 f.
1208 2707 1272 2744 85;
1297 2706 1402 2748 prius
1436 2705 1498 2737 270
1524 2704 1626 2745 (286).
1662 2701 1774 2734 Aliud

135 2771 263 2804 apogr.
288 2762 480 2795 invenitur
502 2762 542 2794 in
565 2762 644 2795 cod.
674 2762 803 2795 Germ.
828 2761 913 2798 143,
938 2761 963 2794 f.
990 2761 1060 2794 134.
1086 2760 1218 2793 Exstat
1241 2760 1355 2792 etiam
1379 2767 1505 2800 apogr.
1531 2756 1775 2789 vindobonae

137 2816 178 2848 in
200 2815 380 2849 Biblioth.
415 2816 572 2855 nation.‚
598 2815 677 2848 cod.
703 2816 817 2848 13601.
857 2815 1084 2847 Particulam
1106 2814 1224 2847 edidit
1247 2813 1569 2845 BRAUNSBERGER:
1594 2809 1638 2842 B.
1663 2808 1775 2841 Petri

140 2869 301 2902 Cani-sii
326 2869 461 2911 Epist..
486 2869 549 2909 III,
578 2870 650 2902 720.

198 2925 210 2942 ²
232 2923 270 2956 P.
296 2923 435 2955 Paulus
457 2922 645 2955 Hoffaeus.

198 2978 212 2996 ⁸
234 2976 320 3008 Fuit
342 2976 376 3008 is
399 2976 609 3008 Alexander
630 2975 739 3017 Voyt.
765 2975 816 3009 Cf.
841 2976 1152 3015 anxsmmmn,
1177 2975 1201 3007 l.
1227 2983 1258 3008 c.

198 3030 211 3049 ⁴
234 3029 404 3071 Intellige
426 3030 514 3062 vota
535 3038 632 3071 quae
656 3029 812 3071 professi
847 3029 1028 3071 quattuor
1049 3029 1220 3061 votorum
1244 3026 1423 3060 emittunt
1446 3024 1530 3067 post
1560 3023 1775 3056 sollemnem

135 3083 416 3126 professionem,
441 3092 553 3125 quam
577 3083 617 3115 hi
640 3083 769 3116 Patres
792 3083 852 3116 die
876 3083 915 3115 16
937 3082 1062 3115 Martii
1086 3082 1277 3115 voverant.
1301 3080 1396 3114 Vide
1418 3089 1453 3120 p.
1478 3078 1550 3110 299,
