2028 3531
544 274 625 311 518.
652 296 696 300 —
722 273 963 309 VINDOBONA
994 273 1009 306 1
1039 269 1138 306 MA11
1168 269 1256 305 1561
1600 267 1668 303 287

84 398 139 438 ad
168 397 499 437 sacrosanctum
530 394 686 434 matris
714 391 925 433 ecclesiae
955 389 1173 441 gremium
1217 387 1458 428 redierunt.
1493 387 1634 426 Taceo
1664 386 1717 426 de

83 461 300 503 studiosis
328 460 446 508 aliis,
477 460 554 512 qui
584 459 638 499 ad
669 469 752 498 nos
779 456 1068 502 confluentes,
1100 454 1155 493 ad
1186 453 1413 493 meliorem
1461 463 1508 492 se
1546 452 1717 502 frugem

84 528 356 578 receperunt.
392 526 622 565 Praeterea
651 535 741 563 non
772 521 900 573 pauci
931 519 1125 572 publicis
1155 521 1197 558 et
1226 517 1413 558 occultis
1441 516 1589 557 carnis
1623 527 1719 567 pec-

84 591 194 632 catis
224 590 474 630 mirandum
509 590 555 628 in
585 588 765 628 modum
794 584 1102 632 contaminati,
1136 584 1272 623 vitam
1302 582 1513 622 infamem
1549 581 1595 620 in
1625 592 1719 620 cas-

85 656 226 697 titatis
254 655 455 695 studium
483 653 827 694 commutarunt.
859 650 972 691 Sunt
1001 649 1218 701 quaedam
1267 648 1313 687 in
1357 648 1440 686 hac
1485 647 1589 686 vrbe
1631 657 1721 685 ma-

85 724 239 762 tronae
268 720 413 760 diuini
443 720 592 759 cultus
621 717 902 769 percupidae,
934 727 985 755 ac
1014 714 1248 755 Societatis
1278 715 1456 753 nostrae
1485 711 1719 752 studiosis-

85 787 239 833 simae,
257 797 371 838 quae
391 784 611 836 singulari
632 783 822 835 quadam
848 781 1070 821 industria
1091 782 1182 819 tam
1200 779 1333 825 viros,
1352 790 1486 830 quam
1504 777 1722 817 foeminas

85 852 141 892 ad
170 851 468 892 confessionis
496 852 628 901 atque
666 847 963 888 eucharistiae
1010 847 1288 885 sacramenta
1318 844 1480 895 pellere
1509 850 1527 868 a
1545 844 1723 882 conten-

86 918 212 958 dunt.
263 916 490 966 Quaedam
537 926 636 954 cum
687 913 893 953 maritum
944 912 1141 958 haberet,
1191 910 1268 961 qui
1299 911 1341 949 et
1370 908 1455 960 ipsi
1485 910 1528 948 et
1557 907 1722 947 nostris

86 984 201 1022 esset
231 980 565 1026 infestissimus,
597 991 648 1019 eo
678 978 805 1018 illum
837 977 1024 1017 adduxit
1053 976 1246 1022 tandem,
1281 977 1324 1014 vt
1354 975 1392 1014 is
1439 973 1494 1013 ad
1542 984 1625 1012 nos
1655 984 1724 1012 ve-

87 1048 216 1087 niens
245 1045 571 1086 confessionem
619 1043 879 1091 instituerit,
929 1054 980 1082 ac
1029 1040 1279 1093 promiserit
1325 1052 1372 1080 se
1405 1051 1505 1079 cum
1535 1038 1725 1089 coniuge

87 1114 295 1164 deinceps
325 1112 566 1163 tranquille
596 1123 646 1151 ac
675 1109 892 1150 catholice
925 1109 1157 1148 victurum.
1190 1107 1356 1153 Altera,
1388 1117 1489 1146 cum
1525 1104 1725 1156 petulan-

88 1181 175 1219 tem
205 1178 442 1230 quemdam
472 1176 760 1223 haereticum,
792 1187 815 1214 a
847 1186 935 1226 quo
967 1173 1173 1213 maximis
1206 1174 1381 1223 propter
1410 1183 1493 1210 nos
1513 1169 1726 1210 conuitiis

88 1243 471 1296 proscindebatur,
504 1253 583 1281 nec
611 1239 1000 1281 exhortationibus
1030 1250 1110 1278 nec
1148 1237 1284 1277 minis
1314 1237 1369 1276 ad
1400 1236 1514 1276 idem
1547 1235 1726 1286 pietatis

87 1309 287 1349 studium
318 1308 570 1359 pertrahere
601 1307 688 1346 vlla
720 1305 892 1345 ratione
922 1305 1095 1355 posset;
1128 1303 1236 1343 vicit
1271 1302 1498 1342 hominem
1547 1300 1726 1340 tandem

89 1377 183 1414 tum
232 1373 462 1420 modestia,
511 1376 606 1412 tum
655 1371 884 1423 patientia.
939 1370 1036 1410 Fuit
1084 1381 1198 1420 quae
1227 1370 1271 1408 et
1299 1367 1488 1407 ancillas
1517 1377 1624 1406 suas
1670 1366 1727 1405 ad

88 1439 415 1480 confessionem
443 1440 486 1478 et
514 1438 722 1489 pietatem
771 1437 1024 1488 frequenter
1071 1447 1160 1475 non
1208 1434 1355 1474 solum
1402 1433 1725 1479 exhortaretur,

89 1506 166 1546 sed
195 1505 482 1545 comitaretur
510 1504 642 1543 etiam
673 1515 771 1543 cum
805 1514 967 1553 magna
1013 1501 1203 1541 aliarum
1252 1501 1555 1539 matronarum
1591 1496 1730 1537 admi·

90 1571 276 1611 ratione.

171 1636 233 1675 12
267 1635 350 1675 Hic
379 1634 722 1686 supersedemus
751 1644 985 1684 exponere,
1017 1631 1137 1683 quod
1180 1642 1288 1670 sane
1318 1630 1502 1681 longum
1538 1630 1652 1669 esset
1691 1627 1726 1677 b,

90 1702 143 1742 de
173 1700 413 1753 praeclaris
443 1700 669 1740 variorum
700 1699 968 1751 principum,
1000 1699 1043 1737 et
1072 1696 1264 1736 maxime
1307 1707 1538 1735 caesareae
1570 1694 1728 1734 maies-

91 1766 196 1806 tatis
226 1766 273 1805 in
315 1765 432 1805 hanc
462 1764 693 1804 minimam
739 1764 838 1803 Iesu
882 1762 1147 1803 Societatem
1191 1760 1354 1800 studiis
1393 1762 1435 1800 et
1473 1758 1729 1799 admirabili

92 1830 421 1878 beneuolentia,
467 1829 719 1877 clementia,
768 1828 1048 1869 liberalitate.
1092 1826 1384 1867 Commendat
1431 1825 1593 1866 Caesar
1630 1836 1728 1872 nos,

92 1896 420 1948 collegiumque
463 1897 666 1935 nostrum
696 1895 852 1934 sedulo
895 1893 1121 1945 primariis
1152 1892 1275 1939 viris,
1307 1891 1384 1943 qui
1415 1891 1469 1931 de
1498 1890 1630 1930 nobis
1659 1891 1731 1930 be·

92 1961 307 2003 nemereri
336 1968 352 1986 ⁰
387 1962 559 2008 volunt,
590 1962 633 2000 et
662 1962 865 2011 possunt.
898 1959 1086 1999 Multum
1117 1957 1332 2010 pecuniae
1361 1957 1551 2009 largitus
1579 1958 1646 1996 est
1675 1956 1731 1995 ad

92 2040 256 2068 nouam
301 2027 557 2068 scholarum
600 2026 831 2073 fabricam,
863 2027 905 2065 et
948 2025 1004 2065 ad
1048 2023 1371 2064 instituendam
1414 2023 1579 2062 rectius
1608 2024 1732 2074 typo-

94 2093 355 2146 g1·aphiam;
402 2104 522 2132 nunc
551 2092 621 2132 bis
664 2091 787 2131 mille
829 2091 1039 2131 florenos·
1065 2090 1111 2129 in
1140 2089 1316 2141 collegij
1357 2088 1731 2129 sustentationem

92 2159 324 2199 annuatim
355 2157 580 2209 dependit.
613 2157 748 2209 paulo
777 2159 892 2208 post,
924 2156 987 2196 vti
1033 2155 1252 2207 promisit,
1285 2155 1438 2195 firmos
1466 2154 1600 2195 etiam
1630 2165 1732 2204 pro-

94 2226 258 2265 uentus
286 2224 431 2264 addet.
465 2223 535 2263 Ad
562 2223 686 2269 haec,
718 2222 757 2262 si
789 2234 985 2274 vnquam
1015 2221 1144 2268 alias,
1176 2221 1367 2260 libenter
1395 2222 1436 2260 et
1480 2219 1734 2271 frequenter

93 2289 220 2330 audit
262 2289 310 2329 P.
343 2289 573 2329 Rectorem
603 2288 656 2328 de
686 2288 973 2340 grauioribus
1015 2287 1149 2327 etiam
1180 2285 1372 2337 negotiis
1401 2285 1730 2331 admonentem,

95 2366 239 2406 neque
281 2366 389 2394 sane
419 2354 599 2402 frustra,
632 2353 693 2393 vti
724 2349 808 2393 nos'
851 2353 978 2393 docet
1020 2351 1308 2404 experientia.
1342 2351 1544 2402 Rogatus
1573 2349 1734 2390 Caesar

95 2433 121 2461 a
151 2420 335 2460 Rectore
378 2431 435 2459 an
464 2419 640 2459 audiret
681 2419 900 2459 aduersus
944 2430 1027 2458 nos
1070 2418 1296 2470 ingratum
1340 2416 1539 2468 aliquid:
1585 2430 1605 2450 <‹
1635 2414 1734 2454 Non

95 2487 176 2534 est,
208 2485 370 2536 inquit,
402 2484 523 2536 quod
551 2484 745 2532 dubites,
777 2483 888 2535 quin
932 2494 1216 2524 moneremus
1246 2494 1340 2530 vos,
1372 2481 1411 2521 si
1442 2481 1550 2532 quid
1581 2481 1627 2520 in
1658 2492 1735 2520 uo-

98 2551 168 2591 bis
196 2553 239 2591 et
268 2550 503 2591 Societatis
534 2551 705 2590 vestrae
735 2549 1131 2590 exercitationibus
1170 2547 1582 2600 reprehendendum
1616 2546 1736 2586 vide-

98 2618 241 2665 retur3
273 2618 319 2656 at
361 2615 467 2668 quia
497 2627 591 2663 vos,
623 2615 786 2667 inquit,
818 2627 1037 2663 amamus,
1068 2626 1161 2655 non
1189 2614 1397 2654 iubemus
1430 2613 1626 2665 quidem,
1657 2611 1735 2651 sed

99 2684 249 2722 tamen
291 2683 505 2733 tanquam
535 2680 703 2720 amicos
746 2691 994 2729 monemus,
1027 2682 1074 2720 vt
1101 2680 1222 2732 quod
1251 2679 1308 2719 ad
1336 2679 1501 2718 famam
1547 2679 1736 2718 vestram

100 2748 306 2799 pertinet,
329 2747 393 2787 vti
422 2747 640 2787 hactenus
670 2746 853 2795 fecistis,
876 2746 1115 2798 diligenter
1143 2744 1441 2797 prospiciatis,
1471 2743 1576 2791 Nos,
1599 2743 1734 2791 enim,

101 2813 228 2853 nulla
270 2825 468 2865 vnquam
512 2811 685 2852 ratione
729 2811 858 2852 vobis
905 2811 1144 2860 deerimus,
1190 2810 1414 2862 vestrique
1456 2821 1608 2850 curam
1651 2808 1738 2848 cle-

102 2878 379 2918 mentissime
408 2889 641 2930 geremus;
674 2877 764 2917 imo
784 2889 877 2917 non
906 2877 1038 2917 modo
1068 2888 1138 2917 res
1159 2878 1344 2924 vestras,
1367 2887 1521 2916 verum
1546 2874 1738 2914 aliorum

164 3027 184 3047 a
199 3019 363 3053 Emend.
387 3028 437 3052 ea:
457 3019 642 3061 pellicere,
667 3018 772 3060 quod
794 3019 927 3051 manet
948 3018 995 3050 in
1016 3018 1061 3051 B.
1085 3037 1127 3042 —
1148 3018 1167 3045 b
1194 3017 1358 3050 Emend.
1375 3026 1424 3050 ex
1445 3017 1513 3053 est,
1539 3015 1644 3057 quod
1658 3024 1740 3048 mae

102 3074 169 3106 ‘net
190 3072 235 3104 in
258 3072 304 3106 B.
328 3091 370 3096 —
394 3081 410 3100 e
442 3072 695 3105 benemoereri
717 3071 765 3105 A.
