2028 3531
317 254 378 287 150
784 253 983 289 ΙΛΤΤκΒΛις
1017 255 1360 298 Qtzximimizsrmfis

262 373 467 423 discipuli
513 374 774 422 sequuntur,
818 384 904 410 una
946 384 1044 411 cum
1090 370 1422 410 coadiutoribus
1452 370 1641 412 duobus,
1691 382 1877 421 quorum

265 440 455 488 protecto
488 448 614 475 nemo
645 448 732 475 non
765 447 970 486 prospera
1002 436 1161 475 fruitur
1193 434 1460 475 ualetudine.
1493 434 1718 485 animique
1762 437 1880 474 tran-

262 503 495 553 quillitate.
534 501 635 540 lnde
665 502 726 547 tit,
760 503 803 540 ut
842 512 917 551 pro
947 513 992 540 se
1022 500 1211 550 quisque
1233 499 1446 544 doctrina,
1473 498 1635 540 labore.
1661 499 1877 548 precibus,

266 567 462 616 proximo
495 568 665 616 praesto
694 577 789 604 esse
819 566 1015 606 studeat:
1050 577 1126 603 nec
1150 576 1236 603 non
1260 563 1478 602 industria
1499 574 1595 606 sua,
1618 563 1762 614 quoad
1784 563 1880 602 eius

262 633 351 671 tieri
387 633 540 682 potest,
574 630 705 682 {euml
737 643 762 669 a
791 630 952 669 scelere
995 632 1036 669 et
1065 631 1120 668 ab
1153 629 1354 678 incoepto
1402 639 1627 678 perperam
1658 639 1789 667 cursu
1825 629 1878 667 ad

261 698 447 736 salutem
482 707 699 735 reuocare.
732 695 894 735 Omnes
923 695 997 746 qui
1030 694 1099 733 hic
1129 694 1345 743 degimus.
1379 692 1516 731 taesto
1558 692 1651 732 diui
1687 693 1881 732 Thomae

261 762 314 801 ad
349 761 592 801 uberiorem
623 760 809 810 gratiam
857 772 908 798 ex
954 760 1163 798 thesauro
1197 758 1352 796 diuino
1397 757 1754 807 depromendam,
1794 769 1879 807 qua

261 826 424 867 Christi
446 825 633 864 consilia
649 827 780 875 atque
802 824 1001 863 iniuncta
1023 823 1151 862 nobis
1183 822 1333 861 munia
1356 822 1411 860 ab
1433 821 1685 860 obedientia
1706 821 1881 860 facilius

261 902 544 942 exequamur,
576 889 769 940 generali
802 891 1051 928 nostrorum
1086 889 1359 938 peccatorum
1391 886 1668 925 confessione
1716 886 1882 925 instau—

262 957 343 995 rati
375 967 553 999 sumus:
585 954 808 1005 supplices
837 954 994 993 deinde
1025 955 1128 992 uota
1171 951 1368 990 diluculo
1398 951 1487 990 alta
1533 962 1640 990 uoce
1679 950 1882 1001 repetiui-

264 1033 375 1069 mus,
409 1019 722 1071 praeeuntibus
751 1021 896 1057 tamen
927 1017 1218 1059 orationibus,
1250 1015 1534 1066 corporisque
1576 1014 1878 1066 castigatione.

262 1086 429 1137 Opinor
458 1086 563 1131 fore,
599 1086 644 1123 ut
675 1084 721 1123 P.
745 1083 792 1122 T.
818 1094 905 1122 non
936 1081 1145 1121 mediocri
1175 1080 1395 1119 afficiatur
1424 1079 1602 1130 gaudio,
1634 1079 1687 1120 si.
1718 1079 1882 1130 quibus

262 1163 343 1190 nos
390 1149 586 1201 proxime
634 1148 795 1198 studijs
837 1146 1175 1192 exercuerimus,
1221 1144 1414 1184 breuiter
1453 1143 1878 1195 signiticauerotibi.

262 1216 415 1255 Visum
446 1216 511 1253 est
542 1214 588 1253 P.
622 1213 795 1253 Rectori
827 1214 837 1236 ¹
870 1214 971 1251 ante
1001 1210 1163 1250 Christi
1195 1209 1372 1249 Domini
1404 1209 1543 1248 nostri
1566 1208 1711 1248 natale
1732 1208 1882 1258 aliqua

261 1279 451 1331 spiritali
481 1278 793 1318 exercitatione
822 1277 876 1316 ad
907 1278 1089 1315 fratrum
1122 1275 1245 1317 uitia,
1278 1274 1314 1313 si
1345 1286 1432 1324 qua
1462 1276 1581 1320 sunt,
1613 1272 1882 1312 extrahenda

262 1345 340 1385 uti.
372 1344 552 1384 Eductis
582 1343 730 1394 itaque
765 1342 975 1387 sortibus,
1011 1352 1140 1391 quem
1171 1339 1359 1390 quisque
1388 1338 1669 1381 sortiebatur,
1693 1337 1883 1376 habebat

262 1411 308 1450 in
351 1411 562 1461 suggestu
593 1408 742 1447 uerbis
783 1406 1014 1456 castigare,
1063 1405 1160 1444 eius
1202 1404 1397 1443 defectus
1440 1402 1611 1449 leniter,
1656 1413 1880 1452 aspereue,

265 1478 393 1526 prout
449 1473 608 1524 cuique
656 1472 904 1520 uidebatur,
951 1469 1208 1520 detegendo,
1272 1467 1454 1518 reliquis
1501 1466 1879 1506 accumbentibus.

262 1541 318 1580 Vt
347 1542 492 1579 autem
523 1538 577 1577 ad
608 1538 690 1576 hoc
720 1536 938 1586 agendum
969 1537 1062 1574 tum
1094 1534 1280 1579 facilior,
1325 1535 1418 1572 tum
1448 1531 1693 1582 expeditior
1734 1531 1883 1570 aditus

265 1606 444 1656 pateret,
476 1616 501 1642 a
530 1602 722 1653 singulis
752 1600 919 1651 singuli
942 1600 1112 1645 fratres,
1136 1598 1301 1649 quibus
1329 1597 1373 1636 id
1405 1596 1574 1647 negocij
1598 1598 1692 1635 erat
1712 1595 1884 1635 iniunc—

262 1673 371 1715 tum,
390 1668 688 1719 inquirebant,
712 1665 1038 1709 scrutabantur,
1061 1663 1357 1713 omnibusque
1379 1660 1582 1711 uestigijs
1612 1660 1881 1711 indagabant

263 1736 453 1786 peccata,
484 1732 653 1782 culpas,
676 1730 901 1781 ignauiam
926 1728 1073 1767 fratris
1093 1735 1109 1753 ³
1131 1726 1421 1777 obiurgandi:
1454 1737 1590 1776 quare
1609 1737 1661 1764 ea
1680 1725 1880 1764 adhibita

263 1799 346 1839 fuit
374 1796 620 1848 diligentia,
652 1798 700 1835 ut
730 1795 881 1834 fucosa
910 1795 1059 1833 omnia
1089 1794 1130 1832 et
1160 1791 1330 1831 desidia
1360 1790 1536 1834 infecta,
1586 1789 1879 1841 pronunciata

264 1863 437 1915 publice
468 1861 645 1902 fuerint.
677 1859 800 1899 nulla
845 1858 1142 1910 [cui]usquam
1173 1856 1190 1881 b
1228 1856 1379 1895 habita
1423 1855 1606 1894 ratione.
1654 1853 1789 1905 Atqui
1830 1865 1882 1893 ne

263 1927 522 1968 scandalum
539 1925 881 1975 subsequeretur
910 1923 1061 1973 aliqua
1091 1920 1404 1972 imprudentia,
1435 1921 1671 1970 antequam
1708 1918 1750 1958 in
1783 1930 1883 1958 con-

262 1994 433 2033 cionem
463 1990 786 2035 ascenderetur,
819 1988 1008 2028 iusserat
1039 1988 1168 2026 Pater
1214 1985 1299 2025 sibi
1342 1984 1687 2035 chirographum
1718 1983 1880 2027 afferri,

264 2060 311 2097 ut
340 2057 377 2096 si
420 2069 507 2107 qua
551 2054 772 2094 reticenda
819 2052 1189 2092 commutandane
1218 2052 1380 2095 essent,
1426 2049 1559 2088 litura
1608 2048 1879 2088 tollerentur.

263 2122 387 2162 Vnde
418 2120 625 2171 imposito
656 2116 987 2169 reprehensioni
1019 2116 1212 2166 fastigio,
1245 2115 1361 2154 ultro
1391 2114 1588 2164 citroque
1617 2113 1747 2152 ambo
1794 2124 1884 2151 am·

264 2187 512 2238 plexantur,
562 2183 802 2235 porrigitur
848 2181 1149 2231 obiurgatoria
1197 2179 1408 2219 schedula
1454 2178 1650 2218 conuitio
1698 2177 1883 2216 honesto

264 2252 509 2292 uerberato.
542 2251 590 2289 ut
635 2260 717 2288 suo
759 2246 990 2286 commodo
1035 2245 1229 2296 perlegat
1275 2256 1386 2286 eam.
1431 2243 1656 2283 admonita
1704 2244 1880 2287 caueat;

263 2317 325 2355 sic
355 2316 508 2355 ordine
538 2313 829 2354 succedebant
859 2311 1017 2361 reliqui
1049 2310 1187 2349 donec
1218 2310 1391 2360 incepto
1421 2309 1715 2359 impingerent
1763 2318 1883 2345 coro-

264 2381 382 2420 nida.
417 2380 477 2419 Ex
523 2391 611 2430 qua
654 2390 698 2417 re
744 2378 1015 2426 compertum
1065 2376 1244 2417 habeas,
1285 2386 1419 2424 quam
1466 2373 1656 2412 maxime
1702 2371 1883 2411 colende

264 2447 407 2493 Pater,
440 2457 529 2484 non
557 2444 702 2483 solum
733 2455 757 2481 a
787 2441 958 2481 cunctis
988 2440 1224 2479 maximam
1247 2439 1595 2478 consolationem
1618 2438 1880 2488 perceptam,

263 2511 339 2550 sed
388 2509 627 2561 plurimum
675 2518 850 2559 quoque
897 2504 1182 2544 emolumenti
1232 2504 1439 2542 haustum
1476 2511 1504 2542 ⁰.
1552 2502 1678 2542 Unus
1720 2500 1882 2540 etenim

263 2576 451 2627 quisque
481 2575 604 2613 iuxta
634 2572 749 2612 beati
780 2569 981 2621 Apostoli
1012 2568 1275 2608 sententiam
1305 2569 1332 2615 ²,
1367 2567 1503 2606 ueteri
1542 2566 1720 2605 homine
1754 2565 1883 2615 depo·

263 2641 363 2688 sito,
405 2651 523 2679 nouo
570 2638 748 2677 uidetur
796 2635 994 2681 indutus,
1026 2633 1204 2684 quando
1251 2632 1411 2672 salutis
1455 2631 1631 2670 initium
1663 2643 1687 2669 a
1719 2628 1880 2680 peccati

325 2832 341 2849 a
374 2822 500 2854 fratris
523 2829 646 2861 supra
662 2828 762 2851 vers.
778 2837 816 2840 —
832 2818 847 2843 b
866 2816 1085 2856 cuiusquam
1099 2814 1190 2845 add.
1209 2814 1248 2844 in
1264 2822 1390 2853 neary.
1408 2832 1447 2834 —
1470 2821 1485 2839 e
1506 2812 1629 2843 Prius
1646 2811 1881 2843 exhaustum.

326 2984 335 3000 ¹
362 2982 397 3013 P.
423 2981 670 3021 Hieronymus
694 2977 864 3010 Rubiola.

326 3038 338 3054 ‘³
361 3036 412 3067 Cf.
440 3035 570 3066 levans.
596 3033 655 3071 IV,
681 3033 731 3064 ⁶222.
