2028 3531
500 282 623 319 lxnnx
652 295 938 328 PERSONARUM‚

135 397 250 440 Nola,
289 398 368 441 728,
407 399 493 443 729;
533 401 622 436 coll.
666 406 811 446 status,
853 404 910 445 86,

180 457 355 502 ⁶270-0271;
393 460 487 496 696:
532 460 568 495 P.
598 460 753 497 Madrid
791 463 913 499 colle-

180 517 290 563 gium
318 518 460 554 visitat
488 530 632 565 resque
652 522 826 560 ordinat,
849 524 913 560 86:

179 576 491 612 adhortationes
533 579 792 619 domesticae,
835 582 915 620 696:

180 638 367 671 votorum
396 640 620 674 renovatio.
649 640 740 677 696:
778 650 915 685 preces

180 705 251 741 pro
269 694 471 731 Ecclesiae
492 698 819 739 necessitatibus,
836 700 915 742 477,

177 754 270 797 6963
313 754 472 801 collegii
504 755 794 797 benefactores,
821 759 912 798 699:

178 813 460 860 eleemosynae
487 814 577 850 coll.
605 816 792 859 donatae,
820 818 911 857 272:

176 873 268 916 479;
308 873 469 919 collegii
516 874 669 910 fabrica.
697 877 913 921 perficitur,

175 932 239 970 90:
266 932 512 968 frumentum
543 936 580 969 et
610 934 749 970 vinum
778 947 910 971 emen-

175 991 347 1031 dicatur,
373 992 430 1033 90,
458 993 535 1031 478.
563 993 651 1036 696;
693 994 821 1030 media
861 996 910 1030 ad

176 1051 371 1086 maiorem
399 1052 651 1088 studentium
673 1054 911 1099 profectum,

174 1110 301 1153 87-88;
328 1111 646 1147 exercitationes
675 1112 910 1155 litterariae,

173 1170 262 1213 4783
289 1170 331 1206 in
358 1170 589 1206 studiorum
611 1172 911 1208 instauratione

174 1230 363 1276 dialogus
402 1229 450 1266 de
495 1232 793 1267 contemnendo
839 1232 908 1268 ho-

174 1300 285 1331 nore,
302 1289 368 1333 87;
395 1292 434 1325 et
461 1293 605 1326 contra
630 1291 908 1331 homicidium,

175 1349 263 1392 697;
293 1349 359 1395 pia
393 1360 516 1396 opera
555 1360 651 1396 erga
690 1352 910 1396 proximos,

171 1408 259 1451 ‘27²3
285 1409 474 1445 doctrina
500 1409 728 1445 christiana
760 1411 910 1457 populo

172 1469 405 1515 exponitur,
447 1469 511 1505 cui
564 1470 686 1516 episc.
734 1471 911 1506 vicarius

171 1538 263 1563 cum
277 1527 436 1563 clericis
451 1528 593 1564 adesse
612 1528 729 1571 solet,
743 1529 800 1569 88,
818 1529 907 1570 697:

171 1587 326 1634 aegroti
348 1587 554 1628 iuvantur,
572 1588 665 1632 6983
695 1588 908 1625 ordinibus

170 1647 298 1682 sacris
326 1647 519 1682 initiandi
560 1658 583 1682 a
622 1648 775 1683 nostris
810 1659 905 1683 exa-

170 1706 393 1747 minantur,
434 1706 497 1749 89;
536 1706 672 1743 clerici
718 1707 907 1750 minores,

169 1776 241 1801 seu
268 1765 445 1808 diaconi,
475 1766 533 1808 88,
560 1766 640 1807 271,
679 1767 764 1807 697;
807 1767 910 1803 iubi-

169 1825 302 1861 laeum
344 1836 414 1872 pro
453 1825 561 1861 felici
590 1826 704 1862 exitu
741 1827 903 1862 concilii

169 1885 396 1926 tridentini,
433 1885 522 1929 6983
562 1885 768 1922 discordia
802 1898 907 1922 com-

168 1944 316 1991 posita,
341 1944 423 1987 271,
457 1944 634 1988 698-699;
674 1945 906 1981 haereticus

168 2003 527 2050 comprehenditur
540 2007 579 2040 et
591 2003 804 2051 Neapolim
816 2006 907 2040 mit-

168 2063 280 2105 titur,
299 2063 386 2107 479;
410 2074 608 2100 excursus
627 2065 678 2100 ad
698 2065 903 2107 viciniam,

167 2121 253 2165 am
284 2122 500 2169 episcopus
539 2123 628 2159 vult
668 2126 712 2158 ut
751 2123 902 2169 aliquis

166 2192 186 2217 e
214 2182 366 2217 nostris
393 2182 613 2218 dioecesim
651 2182 773 2218 simul
812 2194 902 2218 cum

165 2241 254 2277 eius
302 2241 455 2277 vicario
499 2242 730 2288 perlustret,
774 2245 812 2278 et
858 2245 901 2278 ut

164 2301 292 2336 sacris
331 2301 525 2337 initiandi
565 2312 589 2337 a
628 2302 781 2338 nostris
808 2312 901 2337 exa-

165 2360 385 2401 minentur,
402 2360 495 2405 699;
516 2361 650 2407 episc„
666 2372 700 2397 v.
721 2360 902 2397 Scaram-

165 2430 228 2466 po,
254 2419 484 2464 Antonius;
513 2420 723 2456 comitissa
741 2421 801 2460 de,
820 2420 901 2456 col-

166 2479 260 2526 legii
287 2479 511 2521 fundatrix,
553 2491 586 2516 v.
615 2480 900 2521 Sanseverino,

163 2538 314 2582 Maria3
353 2542 497 2582 rector,
536 2551 571 2575 v.
599 2539 805 2586 Montoya,
837 2539 898 2575 Io-

163 2609 303 2634 annes.

117 2656 286 2701 Nonius,
326 2657 497 2700 Marcus,
538 2658 575 2694 S.
603 2658 644 2700 Ι.,
684 2658 811 2694 redux
852 2669 899 2693 ex

162 2716 292 2759 India,
321 2718 494 2761 100-1013

115 2775 394 2824 Norimberga,
419 2776 500 2813 284.

114 2834 359 2872 Nosocomia
397 2836 635 2872 invisuntur
674 2847 697 2872 a
733 2837 896 2880 nostris.

161 2898 201 2931 et
219 2897 375 2942 aegroti
395 2897 522 2932 variis
541 2896 673 2932 modis
693 2897 898 2937 iuvantur,

159 2953 330 2998 Abulae‚
343 2955 425 2998 528,
438 2955 527 2999 683;
548 2955 790 2997 Barcinone,
809 2955 898 2999 737;

161 3012 524 3061 Caesaraugustae,
554 3014 643 3058 3373
675 3013 900 3051 Conimbri-

159 3083 242 3116 cae,
267 3073 356 3118 2903
381 3073 607 3116 Cordubae,
626 3074 708 3117 446,
728 3072 896 3116 Eborac,

966 297 1104 323 RERUM
1134 298 1183 323 Ac
1210 298 1400 323 rocosum
1650 287 1717 323 831

1032 405 1122 446 4A)4;
1151 405 1371 447 Ferrariae,
1416 405 1498 444 121:
1538 405 1659 447 Forli,
1691 405 1770 446 125,

1035 464 1123 502 242:
1163 464 1339 505 Genuae,
1378 465 1410 502 5.
1447 464 1529 505 247,
1567 465 1647 505 461,
1682 464 1770 507 659;

1041 523 1210 570 Hispali,
1263 524 1340 565 172,
1382 525 1468 563 598:
1516 523 1770 569 Ingolstadii,

1037 583 1125 626 695;
1160 582 1377 621 Monachii,
1414 584 1503 626 67();
1535 583 1575 618 in
1616 582 1771 618 Monte-

1039 652 1139 687 rrey,
1154 642 1210 681 37:
1228 641 1461 680 Montuliae,
1476 643 1557 683 576,
1572 642 1650 683 789;
1669 641 1771 677 Mur-

1037 701 1134 741 ciae,
1160 701 1241 742 424,
1261 701 1346 744 765;
1375 701 1567 741 Mutinae,
1587 702 1649 745 45;
1670 700 1769 736 Nea-

1036 760 1131 805 poli,
1160 760 1238 801 110,
1256 760 1344 796 353:
1365 760 1554 801 Ocaniae,
1572 760 1660 799 553:
1689 759 1769 796 Oli—

1034 819 1188 865 sipone,
1226 820 1307 860 560,
1340 820 1422 860 620,
1448 820 1537 858 626:
1567 818 1768 859 Panormi,

1035 878 1115 914 345.
1154 878 1242 916 482:
1273 878 1514 919 Placentiae,
1553 878 1640 921 703;
1678 877 1769 913 Pra-

1033 948 1118 983 gae,
1156 938 1243 976 689:
1285 937 1569 979 Salmanticae,
1607 939 1640 977 9,
1674 937 1767 980 (530,

1035 997 1206 1037 Sassari,
1237 997 1312 1038 193,
1339 997 1419 1035 396,
1447 997 1533 1039 753ς
1558 996 1767 1042 Segoviae‘

1036 1055 1111 1093 134,
1137 1056 1223 1093 585:
1254 1056 1400 1096 Toleti,
1427 1057 1513 1094 490:
1545 1055 1766 1097 Valentiae,

1032 1114 1120 1154 433:
1152 1115 1391 1158 Vallisoleti,
1410 1115 1467 1156 57,
1487 1115 1566 1157 275,
1586 1115 1671 1158 713;
1692 1114 1767 1150 Ve-

1033 1174 1153 1216 litris,
1184 1175 1268 1216 187;
1299 1174 1573 1210 Vindobonae.
1601 1174 1682 1209 503.

984 1232 1176 1272 Notariis,
1207 1233 1398 1270 Nicolaus
1424 1234 1483 1277 de,
1511 1234 1549 1270 S.
1578 1233 1617 1274 I.,
1635 1236 1767 1270 rector

1030 1293 1119 1329 coll.
1147 1294 1339 1340 perusini,
1366 1294 1445 1335 342,
1471 1294 1552 1334 593,
1577 1293 1659 1329 594.

986 1351 1143 1388 Novicii
1190 1356 1233 1388 ut
1274 1352 1498 1399 probentur
1536 1351 1763 1389 Conimbri-

1032 1422 1113 1453 cae,
1131 1412 1187 1453 24,
1205 1412 1269 1456 253
1290 1412 1456 1454 Eborac,
1472 1412 1556 1455 715;
1575 1423 1766 1459 separan-

1033 1474 1098 1507 tur
1125 1472 1174 1507 ab
1210 1472 1315 1513 aliis,
1343 1472 1429 1515 7l5;
1457 1471 1680 1518 Olisipone,
1706 1472 1763 1508 97.

983 1530 1237 1566 Novisolium
1263 1530 1488 1576 (Neusohl),
1516 1531 1557 1565 in
1593 1530 1762 1578 Hunga-

1030 1590 1102 1631 ria,
1128 1590 1175 1625 de
1203 1590 1395 1636 erigendo
1432 1589 1514 1625 illic
1543 1589 1762 1626 Societatis

1029 1649 1189 1695 collegii
1217 1649 1364 1695 agitur,
1390 1650 1470 1685 506.

983 1708 1274 1755 Numburgum,
1286 1709 1405 1755 episc.
1418 1719 1464 1750 ,v.
1481 1708 1608 1755 Pflug,
1620 1708 1761 1745 Iulius.

1350 1827 1393 1873 Ο

981 1945 1134 1981 Ocania
1156 1946 1337 1991 (Ocafia),
1356 1945 1446 1981 coll.
1465 1948 1610 1988 status,
1628 1946 1686 1987 68,
1703 1947 1760 1989 69,

1027 2006 1106 2048 313,
1145 2006 1233 2045 674:
1263 2007 1303 2041 in
1344 2015 1472 2041 novas
1511 2009 1549 2041 et
1588 2016 1762 2042 commo-

1025 2065 1160 2101 diores
1198 2065 1318 2101 aedes
1349 2065 1604 2105 transfertur,
1629 2065 1758 2109 68-693

1025 2123 1282 2159 alumnorum
1309 2133 1514 2166 numerus,
1534 2123 1596 2166 70;
1616 2134 1760 2167 mores,

1023 2182 1104 2224 313,
1121 2182 1209 2225 552;
1230 2186 1418 2219 auctores
1437 2182 1556 2218 latini
1584 2183 1627 2219 in
1645 2182 1760 2220 scho-

1022 2242 1073 2278 lis
1116 2242 1304 2284 adhibiti,
1345 2242 1490 2280 70-71:
1532 2241 1758 2278 litterariae

1023 2302 1348 2343 exercitationes,
1365 2301 1451 2344 3143
1468 2301 1678 2348 tragoedia
1696 2301 1760 2337 Iu-

1025 2361 1114 2396 dith
1157 2361 1292 2407 agitur
1335 2360 1386 2396 ab
1433 2360 1623 2402 alumnis,
1665 2361 1757 2405 552;

1021 2420 1344 2467 supplicationes
1383 2420 1546 2466 pluviae
1572 2419 1759 2456 obtinen-

1022 2480 1108 2518 dae,
1159 2479 1309 2525 quibus
1355 2479 1591 2515 scholastici
1634 2479 1758 2515 inter-

1022 2539 1315 2581 sunt,313-314:
1331 2538 1518 2574 doctrina
1531 2538 1757 2575 christiana

1021 2598 1200 2640 docetur,
1222 2598 1312 2641 675,
1331 2598 1564 2634 ordinarius
1591 2608 1757 2634 concur-

1022 2668 1092 2693 sus
1132 2657 1182 2693 ad
1220 2660 1487 2699 sacramenta,
1517 2657 1607 2700 675;
1634 2656 1756 2693 Exer-

1020 2717 1118 2752 citia
1155 2716 1388 2762 spiritualia
1416 2716 1471 2752 St.
1507 2715 1654 2762 Ignatii
1684 2715 1757 2752 ali-

1020 2775 1171 2822 quibus
1221 2775 1587 2817 communicantur,
1628 2775 1754 2818 69-70,

1019 2835 1096 2877 315,
1125 2835 1214 2878 675;
1249 2845 1383 2870 carcer
1423 2834 1626 2877 invisitur,
1664 2834 1754 2878 5533

1022 2897 1062 2931 et
1111 2894 1400 2935 nosocomium,
1447 2894 1540 2938 553;
1582 2893 1754 2930 dissidia

1019 2956 1331 2999 componuntur,
1363 2953 1416 2996 70,
1444 2953 1525 2995 315,
1550 2953 1638 2996 553;
1665 2964 1754 3000 pec—

1021 3015 1202 3049 catorum
1242 3012 1542 3055 conversiones,
1578 3012 1636 3054 69,
1661 3013 1751 3057 553;

1019 3075 1228 3108 taurorum
1287 3071 1459 3118 agitatio
1518 3071 1753 3118 impeditur,
