<?xml version="1.0" encoding="UTF-8"?>
<!DOCTYPE html PUBLIC "-//W3C//DTD XHTML 1.0 Transitional//EN"
    "http://www.w3.org/TR/xhtml1/DTD/xhtml1-transitional.dtd">
<html xmlns="http://www.w3.org/1999/xhtml" xml:lang="en" lang="en">
 <head>
  <title>
</title>
<meta http-equiv="Content-Type" content="text/html;charset=utf-8" />
  <meta name='ocr-system' content='tesseract 3.04.00' />
  <meta name='ocr-capabilities' content='ocr_page ocr_carea ocr_par ocr_line ocrx_word'/>
</head>
<body>
  <div class='ocr_page' id='page_1' title='image "./litteraequadrime1907lain_0530.png"; bbox 0 0 2028 3531; ppageno 0'>
   <div class='ocr_carea' id='block_1_1' title="bbox 341 268 1395 313">
    <p class='ocr_par' dir='ltr' id='par_1_1' title="bbox 341 268 1395 313">
     <span class='ocr_line' id='line_1_1' title="bbox 341 268 1395 313; baseline -0.004 -8"><span class='ocrx_word' id='word_1_1' title='bbox 341 270 412 305; x_wconf 77' lang='lat'>504</span> <span class='ocrx_word' id='word_1_2' title='bbox 812 269 1016 306; x_wconf 75' lang='lat' dir='ltr'><strong>LITTERAE</strong></span> <span class='ocrx_word' id='word_1_3' title='bbox 1050 268 1395 313; x_wconf 66' lang='lat' dir='ltr'>anmmmsmss</span> 
     </span>
    </p>
   </div>
   <div class='ocr_carea' id='block_1_2' title="bbox 294 382 1918 2891">
    <p class='ocr_par' dir='ltr' id='par_1_2' title="bbox 295 382 1916 827">
     <span class='ocr_line' id='line_1_2' title="bbox 296 382 1915 439; baseline -0.003 -12"><span class='ocrx_word' id='word_1_4' title='bbox 296 387 499 438; x_wconf 89' lang='lat' dir='ltr'>hispanis</span> <span class='ocrx_word' id='word_1_5' title='bbox 527 387 811 439; x_wconf 87' lang='lat' dir='ltr'>quibusdam,</span> <span class='ocrx_word' id='word_1_6' title='bbox 841 399 952 438; x_wconf 90' lang='lat' dir='ltr'>quos</span> <span class='ocrx_word' id='word_1_7' title='bbox 982 388 1130 435; x_wconf 73' lang='lat' dir='ltr'>gratos</span> <span class='ocrx_word' id='word_1_8' title='bbox 1159 385 1298 424; x_wconf 84' lang='lat' dir='ltr'>eidem</span> <span class='ocrx_word' id='word_1_9' title='bbox 1344 382 1517 423; x_wconf 86' lang='lat' dir='ltr'>Rectori</span> <span class='ocrx_word' id='word_1_10' title='bbox 1560 383 1757 433; x_wconf 85' lang='lat' dir='ltr'>putabat.</span> <span class='ocrx_word' id='word_1_11' title='bbox 1804 382 1915 423; x_wconf 87' lang='lat' dir='ltr'>Cum</span> 
     </span>
     <span class='ocr_line' id='line_1_3' title="bbox 295 447 1915 498; baseline -0.004 -6"><span class='ocrx_word' id='word_1_12' title='bbox 295 454 440 492; x_wconf 86' lang='lat' dir='ltr'>autem</span> <span class='ocrx_word' id='word_1_13' title='bbox 475 452 630 491; x_wconf 83' lang='lat' dir='ltr'>Rector</span> <span class='ocrx_word' id='word_1_14' title='bbox 658 451 793 491; x_wconf 84' lang='lat' dir='ltr'>nimis</span> <span class='ocrx_word' id='word_1_15' title='bbox 823 451 944 491; x_wconf 85' lang='lat' dir='ltr'>tarde</span> <span class='ocrx_word' id='word_1_16' title='bbox 974 451 1056 490; x_wconf 92' lang='lat' dir='ltr'>hoc</span> <span class='ocrx_word' id='word_1_17' title='bbox 1085 462 1108 489; x_wconf 87' lang='lat' dir='ltr'>a</span> <span class='ocrx_word' id='word_1_18' title='bbox 1139 448 1303 488; x_wconf 91' lang='lat' dir='ltr'>nostris</span> <span class='ocrx_word' id='word_1_19' title='bbox 1332 447 1549 487; x_wconf 85' lang='lat' dir='ltr'>auxilium</span> <span class='ocrx_word' id='word_1_20' title='bbox 1581 447 1767 498; x_wconf 89' lang='lat' dir='ltr'>petitum</span> <span class='ocrx_word' id='word_1_21' title='bbox 1787 447 1915 487; x_wconf 90' lang='lat' dir='ltr'>intel-</span> 
     </span>
     <span class='ocr_line' id='line_1_4' title="bbox 296 512 1916 563; baseline -0.004 -7"><span class='ocrx_word' id='word_1_22' title='bbox 296 516 489 563; x_wconf 84' lang='lat' dir='ltr'>lexisset,</span> <span class='ocrx_word' id='word_1_23' title='bbox 521 516 565 555; x_wconf 93' lang='lat' dir='ltr'>id</span> <span class='ocrx_word' id='word_1_24' title='bbox 594 518 741 556; x_wconf 89' lang='lat' dir='ltr'>tamen</span> <span class='ocrx_word' id='word_1_25' title='bbox 770 516 935 555; x_wconf 84' lang='lat' dir='ltr'>efficere</span> <span class='ocrx_word' id='word_1_26' title='bbox 970 515 1206 559; x_wconf 72' lang='lat' dir='ltr'>nitebatur,</span> <span class='ocrx_word' id='word_1_27' title='bbox 1238 512 1355 563; x_wconf 91' lang='lat' dir='ltr'>quod</span> <span class='ocrx_word' id='word_1_28' title='bbox 1385 514 1427 551; x_wconf 86' lang='lat' dir='ltr'>et</span> <span class='ocrx_word' id='word_1_29' title='bbox 1457 512 1619 551; x_wconf 88' lang='lat' dir='ltr'>factum</span> <span class='ocrx_word' id='word_1_30' title='bbox 1641 513 1721 558; x_wconf 90' lang='lat' dir='ltr'>est,</span> <span class='ocrx_word' id='word_1_31' title='bbox 1745 513 1794 551; x_wconf 91' lang='lat' dir='ltr'>ut</span> <span class='ocrx_word' id='word_1_32' title='bbox 1813 522 1916 562; x_wconf 89' lang='lat' dir='ltr'>sup-</span> 
     </span>
     <span class='ocr_line' id='line_1_5' title="bbox 295 575 1916 632; baseline -0.004 -12"><span class='ocrx_word' id='word_1_33' title='bbox 295 580 433 632; x_wconf 86' lang='lat' dir='ltr'>plicij,</span> <span class='ocrx_word' id='word_1_34' title='bbox 465 593 515 620; x_wconf 84' lang='lat' dir='ltr'>ac</span> <span class='ocrx_word' id='word_1_35' title='bbox 544 581 658 620; x_wconf 84' lang='lat' dir='ltr'>latae</span> <span class='ocrx_word' id='word_1_36' title='bbox 686 580 930 620; x_wconf 85' lang='lat' dir='ltr'>sententiae</span> <span class='ocrx_word' id='word_1_37' title='bbox 959 578 1218 630; x_wconf 82' lang='lat' dir='ltr'>exsequutio</span> <span class='ocrx_word' id='word_1_38' title='bbox 1248 577 1420 627; x_wconf 78' lang='lat' dir='ltr'>aliquot</span> <span class='ocrx_word' id='word_1_39' title='bbox 1439 576 1596 615; x_wconf 89' lang='lat' dir='ltr'>diebus</span> <span class='ocrx_word' id='word_1_40' title='bbox 1617 575 1916 615; x_wconf 82' lang='lat' dir='ltr'>differreretur</span> 
     </span>
     <span class='ocr_line' id='line_1_6' title="bbox 295 640 1916 698; baseline -0.004 -11"><span class='ocrx_word' id='word_1_41' title='bbox 295 646 428 698; x_wconf 80' lang='lat' dir='ltr'>[sic],·</span> <span class='ocrx_word' id='word_1_42' title='bbox 457 647 595 686; x_wconf 88' lang='lat' dir='ltr'>donec</span> <span class='ocrx_word' id='word_1_43' title='bbox 627 647 760 685; x_wconf 85' lang='lat' dir='ltr'>uerbo</span> <span class='ocrx_word' id='word_1_44' title='bbox 790 648 933 692; x_wconf 87' lang='lat' dir='ltr'>tenus,</span> <span class='ocrx_word' id='word_1_45' title='bbox 965 647 1041 684; x_wconf 88' lang='lat' dir='ltr'>aut</span> <span class='ocrx_word' id='word_1_46' title='bbox 1070 644 1232 694; x_wconf 85' lang='lat' dir='ltr'>scripto</span> <span class='ocrx_word' id='word_1_47' title='bbox 1266 642 1417 693; x_wconf 86' lang='lat' dir='ltr'>aliquo</span> <span class='ocrx_word' id='word_1_48' title='bbox 1446 641 1791 681; x_wconf 87' lang='lat' dir='ltr'>clementissimo</span> <span class='ocrx_word' id='word_1_49' title='bbox 1813 640 1916 681; x_wconf 88' lang='lat' dir='ltr'>Cae-</span> 
     </span>
     <span class='ocr_line' id='line_1_7' title="bbox 295 705 1916 755; baseline -0.004 -4"><span class='ocrx_word' id='word_1_50' title='bbox 295 712 383 750; x_wconf 84' lang='lat' dir='ltr'>sari</span> <span class='ocrx_word' id='word_1_51' title='bbox 414 711 552 750; x_wconf 88' lang='lat' dir='ltr'>animi</span> <span class='ocrx_word' id='word_1_52' title='bbox 582 711 652 751; x_wconf 87' lang='lat' dir='ltr'>sui</span> <span class='ocrx_word' id='word_1_53' title='bbox 682 711 964 750; x_wconf 67' lang='lat' dir='ltr'>afflictionem</span> <span class='ocrx_word' id='word_1_54' title='bbox 997 709 1065 748; x_wconf 90' lang='lat' dir='ltr'>uir</span> <span class='ocrx_word' id='word_1_55' title='bbox 1095 709 1182 755; x_wconf 89' lang='lat' dir='ltr'>ille,</span> <span class='ocrx_word' id='word_1_56' title='bbox 1214 706 1533 746; x_wconf 77' lang='lat' dir='ltr'>desolationem</span> <span class='ocrx_word' id='word_1_57' title='bbox 1564 705 1757 745; x_wconf 87' lang='lat' dir='ltr'>filiorum</span> <span class='ocrx_word' id='word_1_58' title='bbox 1778 707 1916 745; x_wconf 88' lang='lat' dir='ltr'>coete-</span> 
     </span>
     <span class='ocr_line' id='line_1_8' title="bbox 296 775 1125 827; baseline -0.004 -12"><span class='ocrx_word' id='word_1_59' title='bbox 296 787 431 827; x_wconf 85' lang='lat' dir='ltr'>raque</span> <span class='ocrx_word' id='word_1_60' title='bbox 461 775 740 815; x_wconf 87' lang='lat' dir='ltr'>incommoda</span> <span class='ocrx_word' id='word_1_61' title='bbox 769 775 895 826; x_wconf 86' lang='lat' dir='ltr'>plene</span> <span class='ocrx_word' id='word_1_62' title='bbox 925 775 1125 824; x_wconf 80' lang='lat' dir='ltr'>exponet.</span> 
     </span>
    </p>

    <p class='ocr_par' dir='ltr' id='par_1_3' title="bbox 295 836 1916 1009">
     <span class='ocr_line' id='line_1_9' title="bbox 374 836 1916 892; baseline -0.003 -13"><span class='ocrx_word' id='word_1_63' title='bbox 374 841 438 880; x_wconf 61' lang='lat'>029.</span> <span class='ocrx_word' id='word_1_64' title='bbox 473 841 676 892; x_wconf 84' lang='lat' dir='ltr'>Aegrotis</span> <span class='ocrx_word' id='word_1_65' title='bbox 706 842 755 880; x_wconf 88' lang='lat' dir='ltr'>ut</span> <span class='ocrx_word' id='word_1_66' title='bbox 783 852 909 890; x_wconf 81' lang='lat' dir='ltr'>opem</span> <span class='ocrx_word' id='word_1_67' title='bbox 942 841 1102 878; x_wconf 87' lang='lat' dir='ltr'>ferrent</span> <span class='ocrx_word' id='word_1_68' title='bbox 1133 850 1207 889; x_wconf 91' lang='lat' dir='ltr'>per</span> <span class='ocrx_word' id='word_1_69' title='bbox 1236 837 1462 876; x_wconf 89' lang='lat' dir='ltr'>ciuitatem</span> <span class='ocrx_word' id='word_1_70' title='bbox 1494 836 1635 876; x_wconf 80' lang='lat' dir='ltr'>nostri</span> <span class='ocrx_word' id='word_1_71' title='bbox 1665 837 1916 887; x_wconf 86' lang='lat' dir='ltr'>frequenter</span> 
     </span>
     <span class='ocr_line' id='line_1_10' title="bbox 296 901 1916 956; baseline -0.002 -12"><span class='ocrx_word' id='word_1_72' title='bbox 296 905 367 945; x_wconf 88' lang='lat' dir='ltr'>his</span> <span class='ocrx_word' id='word_1_73' title='bbox 397 907 588 956; x_wconf 87' lang='lat' dir='ltr'>quatuor</span> <span class='ocrx_word' id='word_1_74' title='bbox 616 906 843 945; x_wconf 87' lang='lat' dir='ltr'>mensibus</span> <span class='ocrx_word' id='word_1_75' title='bbox 874 904 1015 944; x_wconf 75' lang='lat' dir='ltr'>uocati</span> <span class='ocrx_word' id='word_1_76' title='bbox 1043 905 1174 943; x_wconf 77' lang='lat' dir='ltr'>suere.</span> <span class='ocrx_word' id='word_1_77' title='bbox 1198 902 1325 952; x_wconf 79' lang='lat' dir='ltr'>Quod</span> <span class='ocrx_word' id='word_1_78' title='bbox 1346 903 1394 941; x_wconf 91' lang='lat' dir='ltr'>ut</span> <span class='ocrx_word' id='word_1_79' title='bbox 1415 901 1634 952; x_wconf 80' lang='lat' dir='ltr'>religiose,</span> <span class='ocrx_word' id='word_1_80' title='bbox 1658 901 1718 940; x_wconf 88' lang='lat' dir='ltr'>ita</span> <span class='ocrx_word' id='word_1_81' title='bbox 1739 912 1916 951; x_wconf 88' lang='lat' dir='ltr'>quoque</span> 
     </span>
     <span class='ocr_line' id='line_1_11' title="bbox 295 965 1731 1009; baseline -0.003 0"><span class='ocrx_word' id='word_1_82' title='bbox 295 982 395 1009; x_wconf 89' lang='lat' dir='ltr'>cum</span> <span class='ocrx_word' id='word_1_83' title='bbox 426 970 665 1009; x_wconf 88' lang='lat' dir='ltr'>multorum</span> <span class='ocrx_word' id='word_1_84' title='bbox 695 969 999 1009; x_wconf 82' lang='lat' dir='ltr'>aedificatione</span> <span class='ocrx_word' id='word_1_85' title='bbox 1029 980 1078 1007; x_wconf 87' lang='lat' dir='ltr'>ac</span> <span class='ocrx_word' id='word_1_86' title='bbox 1107 967 1268 1006; x_wconf 83' lang='lat' dir='ltr'>solatio</span> <span class='ocrx_word' id='word_1_87' title='bbox 1298 968 1450 1005; x_wconf 87' lang='lat' dir='ltr'>nostro</span> <span class='ocrx_word' id='word_1_88' title='bbox 1481 965 1575 1005; x_wconf 88' lang='lat' dir='ltr'>fieri</span> <span class='ocrx_word' id='word_1_89' title='bbox 1605 965 1731 1005; x_wconf 92' lang='lat' dir='ltr'>solet.</span> 
     </span>
    </p>

    <p class='ocr_par' dir='ltr' id='par_1_4' title="bbox 294 1028 1917 1405">
     <span class='ocr_line' id='line_1_12' title="bbox 374 1028 1915 1085; baseline -0.002 -14"><span class='ocrx_word' id='word_1_90' title='bbox 374 1035 439 1074; x_wconf 83' lang='lat'>30.</span> <span class='ocrx_word' id='word_1_91' title='bbox 474 1034 548 1073; x_wconf 87' lang='lat' dir='ltr'>Est</span> <span class='ocrx_word' id='word_1_92' title='bbox 579 1034 644 1072; x_wconf 84' lang='lat' dir='ltr'>vir</span> <span class='ocrx_word' id='word_1_93' title='bbox 672 1034 851 1085; x_wconf 91' lang='lat' dir='ltr'>quidam</span> <span class='ocrx_word' id='word_1_94' title='bbox 882 1033 1078 1072; x_wconf 77' lang='lat' dir='ltr'>Viennae</span> <span class='ocrx_word' id='word_1_95' title='bbox 1108 1044 1207 1071; x_wconf 86' lang='lat' dir='ltr'>cum</span> <span class='ocrx_word' id='word_1_96' title='bbox 1238 1031 1423 1070; x_wconf 86' lang='lat' dir='ltr'>honesta</span> <span class='ocrx_word' id='word_1_97' title='bbox 1452 1042 1534 1069; x_wconf 89' lang='lat' dir='ltr'>sua</span> <span class='ocrx_word' id='word_1_98' title='bbox 1554 1029 1742 1081; x_wconf 81' lang='lat' dir='ltr'>coniuge</span> <span class='ocrx_word' id='word_1_99' title='bbox 1763 1028 1915 1080; x_wconf 83' lang='lat' dir='ltr'>pietati</span> 
     </span>
     <span class='ocr_line' id='line_1_13' title="bbox 296 1093 1916 1149; baseline -0.004 -11"><span class='ocrx_word' id='word_1_100' title='bbox 296 1098 485 1138; x_wconf 87' lang='lat' dir='ltr'>deditus.</span> <span class='ocrx_word' id='word_1_101' title='bbox 520 1099 561 1137; x_wconf 90' lang='lat' dir='ltr'>Is</span> <span class='ocrx_word' id='word_1_102' title='bbox 592 1098 840 1149; x_wconf 86' lang='lat' dir='ltr'>frequenter</span> <span class='ocrx_word' id='word_1_103' title='bbox 871 1097 1162 1137; x_wconf 80' lang='lat' dir='ltr'>melancholia</span> <span class='ocrx_word' id='word_1_104' title='bbox 1192 1095 1399 1147; x_wconf 87' lang='lat' dir='ltr'>quadam,</span> <span class='ocrx_word' id='word_1_105' title='bbox 1431 1097 1508 1134; x_wconf 88' lang='lat' dir='ltr'>aut</span> <span class='ocrx_word' id='word_1_106' title='bbox 1535 1094 1685 1134; x_wconf 90' lang='lat' dir='ltr'>nescio</span> <span class='ocrx_word' id='word_1_107' title='bbox 1715 1106 1802 1145; x_wconf 86' lang='lat' dir='ltr'>qua</span> <span class='ocrx_word' id='word_1_108' title='bbox 1827 1093 1916 1133; x_wconf 89' lang='lat' dir='ltr'>alia</span> 
     </span>
     <span class='ocr_line' id='line_1_14' title="bbox 296 1158 1916 1214; baseline -0.003 -12"><span class='ocrx_word' id='word_1_109' title='bbox 296 1163 566 1207; x_wconf 84' lang='lat' dir='ltr'>infirmitate,</span> <span class='ocrx_word' id='word_1_110' title='bbox 597 1165 841 1214; x_wconf 88' lang='lat' dir='ltr'>cunctaque</span> <span class='ocrx_word' id='word_1_111' title='bbox 875 1161 1168 1212; x_wconf 77' lang='lat' dir='ltr'>suppellectili</span> <span class='ocrx_word' id='word_1_112' title='bbox 1199 1160 1254 1199; x_wconf 87' lang='lat' dir='ltr'>ad</span> <span class='ocrx_word' id='word_1_113' title='bbox 1284 1159 1636 1210; x_wconf 79' lang='lat' dir='ltr'>desperationem</span> <span class='ocrx_word' id='word_1_114' title='bbox 1667 1170 1807 1209; x_wconf 87' lang='lat' dir='ltr'>usque</span> <span class='ocrx_word' id='word_1_115' title='bbox 1828 1158 1916 1197; x_wconf 87' lang='lat' dir='ltr'>fere</span> 
     </span>
     <span class='ocr_line' id='line_1_15' title="bbox 294 1222 1916 1275; baseline -0.003 -8"><span class='ocrx_word' id='word_1_116' title='bbox 294 1227 495 1267; x_wconf 85' lang='lat' dir='ltr'>laborare</span> <span class='ocrx_word' id='word_1_117' title='bbox 523 1228 648 1267; x_wconf 88' lang='lat' dir='ltr'>solet.</span> <span class='ocrx_word' id='word_1_118' title='bbox 681 1228 843 1267; x_wconf 89' lang='lat' dir='ltr'>Verum</span> <span class='ocrx_word' id='word_1_119' title='bbox 873 1229 995 1266; x_wconf 88' lang='lat' dir='ltr'>tanta</span> <span class='ocrx_word' id='word_1_120' title='bbox 1024 1228 1089 1265; x_wconf 89' lang='lat' dir='ltr'>est</span> <span class='ocrx_word' id='word_1_121' title='bbox 1118 1226 1215 1265; x_wconf 87' lang='lat' dir='ltr'>eius</span> <span class='ocrx_word' id='word_1_122' title='bbox 1247 1225 1399 1275; x_wconf 83' lang='lat' dir='ltr'>pietas,</span> <span class='ocrx_word' id='word_1_123' title='bbox 1434 1226 1673 1275; x_wconf 88' lang='lat' dir='ltr'>tantusque</span> <span class='ocrx_word' id='word_1_124' title='bbox 1707 1234 1810 1273; x_wconf 89' lang='lat' dir='ltr'>erga</span> <span class='ocrx_word' id='word_1_125' title='bbox 1840 1222 1916 1262; x_wconf 85' lang='lat' dir='ltr'>So-</span> 
     </span>
     <span class='ocr_line' id='line_1_16' title="bbox 296 1287 1917 1341; baseline -0.003 -10"><span class='ocrx_word' id='word_1_126' title='bbox 296 1291 495 1331; x_wconf 87' lang='lat' dir='ltr'>cietatem</span> <span class='ocrx_word' id='word_1_127' title='bbox 526 1292 724 1340; x_wconf 84' lang='lat' dir='ltr'>affectus,</span> <span class='ocrx_word' id='word_1_128' title='bbox 748 1294 796 1331; x_wconf 83' lang='lat' dir='ltr'>ut</span> <span class='ocrx_word' id='word_1_129' title='bbox 816 1292 884 1331; x_wconf 85' lang='lat' dir='ltr'>vel</span> <span class='ocrx_word' id='word_1_130' title='bbox 905 1292 1000 1330; x_wconf 88' lang='lat' dir='ltr'>sola</span> <span class='ocrx_word' id='word_1_131' title='bbox 1022 1290 1268 1341; x_wconf 88' lang='lat' dir='ltr'>praesentia</span> <span class='ocrx_word' id='word_1_132' title='bbox 1289 1291 1541 1329; x_wconf 89' lang='lat' dir='ltr'>nostrorum</span> <span class='ocrx_word' id='word_1_133' title='bbox 1567 1290 1698 1339; x_wconf 87' lang='lat' dir='ltr'>atque</span> <span class='ocrx_word' id='word_1_134' title='bbox 1719 1287 1917 1338; x_wconf 88' lang='lat' dir='ltr'>alloquio</span> 
     </span>
     <span class='ocr_line' id='line_1_17' title="bbox 296 1355 1422 1405; baseline -0.002 -10"><span class='ocrx_word' id='word_1_135' title='bbox 296 1356 445 1396; x_wconf 88' lang='lat' dir='ltr'>labore</span> <span class='ocrx_word' id='word_1_136' title='bbox 475 1357 558 1396; x_wconf 86' lang='lat' dir='ltr'>hoc</span> <span class='ocrx_word' id='word_1_137' title='bbox 587 1357 900 1396; x_wconf 86' lang='lat' dir='ltr'>molestissimo</span> <span class='ocrx_word' id='word_1_138' title='bbox 929 1368 951 1395; x_wconf 90' lang='grc'>6</span> <span class='ocrx_word' id='word_1_139' title='bbox 984 1355 1168 1405; x_wconf 79' lang='lat' dir='ltr'>vestigio</span> <span class='ocrx_word' id='word_1_140' title='bbox 1198 1355 1422 1393; x_wconf 87' lang='lat' dir='ltr'>liberetur.</span> 
     </span>
    </p>

    <p class='ocr_par' dir='ltr' id='par_1_5' title="bbox 296 1416 1918 2171">
     <span class='ocr_line' id='line_1_18' title="bbox 375 1416 1917 1469; baseline -0.003 -9"><span class='ocrx_word' id='word_1_141' title='bbox 375 1422 440 1461; x_wconf 82' lang='lat'>31.</span> <span class='ocrx_word' id='word_1_142' title='bbox 473 1420 682 1461; x_wconf 88' lang='lat' dir='ltr'>Curatum</span> <span class='ocrx_word' id='word_1_143' title='bbox 712 1424 777 1460; x_wconf 85' lang='lat' dir='ltr'>est</span> <span class='ocrx_word' id='word_1_144' title='bbox 806 1421 936 1460; x_wconf 81' lang='lat' dir='ltr'>etiam</span> <span class='ocrx_word' id='word_1_145' title='bbox 971 1424 1016 1459; x_wconf 86' lang='lat' dir='ltr'>ut</span> <span class='ocrx_word' id='word_1_146' title='bbox 1046 1420 1113 1459; x_wconf 88' lang='lat' dir='ltr'>vel</span> <span class='ocrx_word' id='word_1_147' title='bbox 1135 1419 1250 1459; x_wconf 86' lang='lat' dir='ltr'>mala</span> <span class='ocrx_word' id='word_1_148' title='bbox 1271 1418 1486 1469; x_wconf 82' lang='lat' dir='ltr'>quaedam</span> <span class='ocrx_word' id='word_1_149' title='bbox 1509 1417 1729 1468; x_wconf 86' lang='lat' dir='ltr'>grauiora,</span> <span class='ocrx_word' id='word_1_150' title='bbox 1752 1416 1917 1468; x_wconf 90' lang='lat' dir='ltr'>quibus</span> 
     </span>
     <span class='ocr_line' id='line_1_19' title="bbox 297 1481 1917 1536; baseline -0.003 -11"><span class='ocrx_word' id='word_1_151' title='bbox 297 1485 462 1536; x_wconf 86' lang='lat' dir='ltr'>passim</span> <span class='ocrx_word' id='word_1_152' title='bbox 492 1485 728 1525; x_wconf 85' lang='lat' dir='ltr'>Germania</span> <span class='ocrx_word' id='word_1_153' title='bbox 757 1487 846 1524; x_wconf 89' lang='lat' dir='ltr'>tota</span> <span class='ocrx_word' id='word_1_154' title='bbox 878 1485 1120 1523; x_wconf 87' lang='lat' dir='ltr'>miserrime</span> <span class='ocrx_word' id='word_1_155' title='bbox 1149 1484 1398 1530; x_wconf 83' lang='lat' dir='ltr'>diuexatur,</span> <span class='ocrx_word' id='word_1_156' title='bbox 1430 1494 1482 1522; x_wconf 84' lang='lat' dir='ltr'>ex</span> <span class='ocrx_word' id='word_1_157' title='bbox 1513 1482 1684 1533; x_wconf 87' lang='lat' dir='ltr'>integro</span> <span class='ocrx_word' id='word_1_158' title='bbox 1713 1481 1917 1520; x_wconf 85' lang='lat' dir='ltr'>tolleren-</span> 
     </span>
     <span class='ocr_line' id='line_1_20' title="bbox 297 1546 1917 1601; baseline -0.002 -12"><span class='ocrx_word' id='word_1_159' title='bbox 297 1552 382 1596; x_wconf 86' lang='lat' dir='ltr'>tur,</span> <span class='ocrx_word' id='word_1_160' title='bbox 415 1550 486 1589; x_wconf 92' lang='lat' dir='ltr'>uel</span> <span class='ocrx_word' id='word_1_161' title='bbox 516 1550 571 1601; x_wconf 88' lang='lat' dir='ltr'>ijs</span> <span class='ocrx_word' id='word_1_162' title='bbox 603 1550 760 1589; x_wconf 87' lang='lat' dir='ltr'>modus</span> <span class='ocrx_word' id='word_1_163' title='bbox 801 1550 965 1600; x_wconf 90' lang='lat' dir='ltr'>aliquis</span> <span class='ocrx_word' id='word_1_164' title='bbox 1007 1549 1305 1595; x_wconf 82' lang='lat' dir='ltr'>adhiberetur,</span> <span class='ocrx_word' id='word_1_165' title='bbox 1352 1560 1406 1587; x_wconf 93' lang='lat' dir='ltr'>ne</span> <span class='ocrx_word' id='word_1_166' title='bbox 1455 1549 1518 1597; x_wconf 89' lang='lat' dir='ltr'>(ut</span> <span class='ocrx_word' id='word_1_167' title='bbox 1549 1547 1738 1586; x_wconf 83' lang='lat' dir='ltr'>maxime</span> <span class='ocrx_word' id='word_1_168' title='bbox 1767 1546 1812 1586; x_wconf 90' lang='lat' dir='ltr'>id</span> <span class='ocrx_word' id='word_1_169' title='bbox 1841 1557 1917 1585; x_wconf 90' lang='lat' dir='ltr'>an-</span> 
     </span>
     <span class='ocr_line' id='line_1_21' title="bbox 297 1612 1916 1665; baseline -0.002 -12"><span class='ocrx_word' id='word_1_170' title='bbox 297 1614 449 1664; x_wconf 85' lang='lat' dir='ltr'>tiquus</span> <span class='ocrx_word' id='word_1_171' title='bbox 478 1615 635 1659; x_wconf 79' lang='lat' dir='ltr'>hostis,</span> <span class='ocrx_word' id='word_1_172' title='bbox 667 1627 745 1665; x_wconf 89' lang='lat' dir='ltr'>pro</span> <span class='ocrx_word' id='word_1_173' title='bbox 774 1614 1088 1654; x_wconf 86' lang='lat' dir='ltr'>scelestissima</span> <span class='ocrx_word' id='word_1_174' title='bbox 1117 1614 1194 1652; x_wconf 89' lang='lat' dir='ltr'>illa</span> <span class='ocrx_word' id='word_1_175' title='bbox 1223 1625 1305 1652; x_wconf 87' lang='lat' dir='ltr'>sua</span> <span class='ocrx_word' id='word_1_176' title='bbox 1334 1625 1422 1663; x_wconf 89' lang='lat' dir='ltr'>qua</span> <span class='ocrx_word' id='word_1_177' title='bbox 1443 1613 1490 1652; x_wconf 90' lang='lat' dir='ltr'>in</span> <span class='ocrx_word' id='word_1_178' title='bbox 1511 1623 1652 1663; x_wconf 85' lang='lat' dir='ltr'>genus</span> <span class='ocrx_word' id='word_1_179' title='bbox 1670 1612 1916 1651; x_wconf 90' lang='lat' dir='ltr'>humanum</span> 
     </span>
     <span class='ocr_line' id='line_1_22' title="bbox 298 1676 1913 1729; baseline -0.002 -12"><span class='ocrx_word' id='word_1_180' title='bbox 298 1678 435 1718; x_wconf 85' lang='lat' dir='ltr'>fertur</span> <span class='ocrx_word' id='word_1_181' title='bbox 476 1679 662 1726; x_wconf 90' lang='lat' dir='ltr'>inuidia,</span> <span class='ocrx_word' id='word_1_182' title='bbox 707 1681 904 1729; x_wconf 83' lang='lat' dir='ltr'>conetur)</span> <span class='ocrx_word' id='word_1_183' title='bbox 949 1681 1036 1718; x_wconf 88' lang='lat' dir='ltr'>tam</span> <span class='ocrx_word' id='word_1_184' title='bbox 1080 1679 1208 1718; x_wconf 84' lang='lat' dir='ltr'>multi</span> <span class='ocrx_word' id='word_1_185' title='bbox 1251 1678 1553 1728; x_wconf 87' lang='lat' dir='ltr'>imprudentes</span> <span class='ocrx_word' id='word_1_186' title='bbox 1591 1676 1913 1728; x_wconf 86' lang='lat' dir='ltr'>opprimantur.</span> 
     </span>
     <span class='ocr_line' id='line_1_23' title="bbox 297 1742 1917 1796; baseline -0.002 -13"><span class='ocrx_word' id='word_1_187' title='bbox 297 1743 392 1793; x_wconf 85' lang='lat' dir='ltr'>Qua</span> <span class='ocrx_word' id='word_1_188' title='bbox 422 1744 469 1783; x_wconf 92' lang='lat' dir='ltr'>in</span> <span class='ocrx_word' id='word_1_189' title='bbox 499 1756 558 1791; x_wconf 92' lang='lat' dir='ltr'>re,</span> <span class='ocrx_word' id='word_1_190' title='bbox 581 1744 788 1796; x_wconf 90' lang='lat' dir='ltr'>quamuis</span> <span class='ocrx_word' id='word_1_191' title='bbox 809 1756 895 1783; x_wconf 88' lang='lat' dir='ltr'>non</span> <span class='ocrx_word' id='word_1_192' title='bbox 918 1747 982 1784; x_wconf 91' lang='lat' dir='ltr'>est</span> <span class='ocrx_word' id='word_1_193' title='bbox 1003 1744 1112 1783; x_wconf 81' lang='lat' dir='ltr'>forte</span> <span class='ocrx_word' id='word_1_194' title='bbox 1132 1743 1295 1794; x_wconf 89' lang='lat' dir='ltr'>optatis</span> <span class='ocrx_word' id='word_1_195' title='bbox 1316 1743 1491 1793; x_wconf 86' lang='lat' dir='ltr'>piorum</span> <span class='ocrx_word' id='word_1_196' title='bbox 1511 1754 1682 1793; x_wconf 89' lang='lat' dir='ltr'>semper</span> <span class='ocrx_word' id='word_1_197' title='bbox 1702 1742 1917 1792; x_wconf 87' lang='lat' dir='ltr'>pleneque</span> 
     </span>
     <span class='ocr_line' id='line_1_24' title="bbox 296 1806 1912 1856; baseline -0.002 -10"><span class='ocrx_word' id='word_1_198' title='bbox 296 1807 495 1847; x_wconf 85' lang='lat' dir='ltr'>effectum</span> <span class='ocrx_word' id='word_1_199' title='bbox 528 1808 652 1856; x_wconf 87' lang='lat' dir='ltr'>satis,</span> <span class='ocrx_word' id='word_1_200' title='bbox 684 1820 774 1848; x_wconf 92' lang='lat' dir='ltr'>non</span> <span class='ocrx_word' id='word_1_201' title='bbox 802 1811 868 1848; x_wconf 89' lang='lat' dir='ltr'>est</span> <span class='ocrx_word' id='word_1_202' title='bbox 897 1810 1043 1847; x_wconf 87' lang='lat' dir='ltr'>tamen</span> <span class='ocrx_word' id='word_1_203' title='bbox 1063 1809 1191 1854; x_wconf 90' lang='lat' dir='ltr'>certe,</span> <span class='ocrx_word' id='word_1_204' title='bbox 1215 1807 1306 1846; x_wconf 91' lang='lat' dir='ltr'>Deo</span> <span class='ocrx_word' id='word_1_205' title='bbox 1326 1807 1439 1854; x_wconf 91' lang='lat' dir='ltr'>laus,</span> <span class='ocrx_word' id='word_1_206' title='bbox 1463 1807 1626 1846; x_wconf 86' lang='lat' dir='ltr'>frustra</span> <span class='ocrx_word' id='word_1_207' title='bbox 1648 1806 1912 1845; x_wconf 89' lang='lat' dir='ltr'>laboratum.</span> 
     </span>
     <span class='ocr_line' id='line_1_25' title="bbox 297 1872 1915 1924; baseline -0.002 -12"><span class='ocrx_word' id='word_1_208' title='bbox 297 1872 407 1912; x_wconf 89' lang='lat' dir='ltr'>Nam</span> <span class='ocrx_word' id='word_1_209' title='bbox 438 1885 527 1912; x_wconf 89' lang='lat' dir='ltr'>non</span> <span class='ocrx_word' id='word_1_210' title='bbox 557 1873 617 1912; x_wconf 88' lang='lat' dir='ltr'>ita</span> <span class='ocrx_word' id='word_1_211' title='bbox 646 1873 782 1913; x_wconf 89' lang='lat' dir='ltr'>libere</span> <span class='ocrx_word' id='word_1_212' title='bbox 812 1875 1031 1924; x_wconf 87' lang='lat' dir='ltr'>aperteue,</span> <span class='ocrx_word' id='word_1_213' title='bbox 1063 1875 1140 1912; x_wconf 86' lang='lat' dir='ltr'>aut</span> <span class='ocrx_word' id='word_1_214' title='bbox 1167 1873 1373 1912; x_wconf 89' lang='lat' dir='ltr'>haereses</span> <span class='ocrx_word' id='word_1_215' title='bbox 1402 1873 1689 1923; x_wconf 85' lang='lat' dir='ltr'>sparguntur,</span> <span class='ocrx_word' id='word_1_216' title='bbox 1721 1872 1798 1910; x_wconf 90' lang='lat' dir='ltr'>aut</span> <span class='ocrx_word' id='word_1_217' title='bbox 1819 1882 1915 1920; x_wconf 80' lang='lat' dir='ltr'>gra-</span> 
     </span>
     <span class='ocr_line' id='line_1_26' title="bbox 298 1936 1917 1989; baseline -0.002 -12"><span class='ocrx_word' id='word_1_218' title='bbox 298 1938 424 1977; x_wconf 91' lang='lat' dir='ltr'>uiora</span> <span class='ocrx_word' id='word_1_219' title='bbox 471 1939 585 1977; x_wconf 88' lang='lat' dir='ltr'>mala</span> <span class='ocrx_word' id='word_1_220' title='bbox 633 1939 933 1989; x_wconf 88' lang='lat' dir='ltr'>perficiuntur.</span> <span class='ocrx_word' id='word_1_221' title='bbox 985 1939 1077 1977; x_wconf 90' lang='lat' dir='ltr'>Imo</span> <span class='ocrx_word' id='word_1_222' title='bbox 1125 1950 1229 1977; x_wconf 87' lang='lat' dir='ltr'>uero</span> <span class='ocrx_word' id='word_1_223' title='bbox 1271 1937 1418 1977; x_wconf 84' lang='lat' dir='ltr'>acrius</span> <span class='ocrx_word' id='word_1_224' title='bbox 1447 1937 1579 1976; x_wconf 90' lang='lat' dir='ltr'>solito</span> <span class='ocrx_word' id='word_1_225' title='bbox 1608 1936 1917 1987; x_wconf 84' lang='lat' dir='ltr'>delinquentes</span> 
     </span>
     <span class='ocr_line' id='line_1_27' title="bbox 296 2002 1918 2054; baseline -0.002 -12"><span class='ocrx_word' id='word_1_226' title='bbox 296 2002 619 2054; x_wconf 89' lang='lat' dir='ltr'>qu[a]eruntur,</span> <span class='ocrx_word' id='word_1_227' title='bbox 651 2005 694 2042; x_wconf 82' lang='lat' dir='ltr'>et</span> <span class='ocrx_word' id='word_1_228' title='bbox 722 2003 904 2054; x_wconf 87' lang='lat' dir='ltr'>grauius</span> <span class='ocrx_word' id='word_1_229' title='bbox 936 2003 1195 2053; x_wconf 88' lang='lat' dir='ltr'>puniuntur.</span> <span class='ocrx_word' id='word_1_230' title='bbox 1246 2002 1330 2052; x_wconf 82' lang='lat' dir='ltr'>Qui</span> <span class='ocrx_word' id='word_1_231' title='bbox 1378 2003 1415 2042; x_wconf 92' lang='lat' dir='ltr'>si</span> <span class='ocrx_word' id='word_1_232' title='bbox 1455 2002 1570 2041; x_wconf 89' lang='lat' dir='ltr'>serio</span> <span class='ocrx_word' id='word_1_233' title='bbox 1600 2002 1918 2041; x_wconf 88' lang='lat' dir='ltr'>conuertantur</span> 
     </span>
     <span class='ocr_line' id='line_1_28' title="bbox 296 2065 1915 2118; baseline -0.001 -12"><span class='ocrx_word' id='word_1_234' title='bbox 296 2067 351 2106; x_wconf 90' lang='lat' dir='ltr'>ad</span> <span class='ocrx_word' id='word_1_235' title='bbox 381 2067 550 2118; x_wconf 78' lang='lat' dir='ltr'>frugem</span> <span class='ocrx_word' id='word_1_236' title='bbox 572 2068 812 2115; x_wconf 89' lang='lat' dir='ltr'>meliorem,</span> <span class='ocrx_word' id='word_1_237' title='bbox 835 2080 925 2106; x_wconf 89' lang='lat' dir='ltr'>non</span> <span class='ocrx_word' id='word_1_238' title='bbox 945 2068 1181 2107; x_wconf 85' lang='lat' dir='ltr'>admodum</span> <span class='ocrx_word' id='word_1_239' title='bbox 1204 2067 1429 2107; x_wconf 85' lang='lat' dir='ltr'>difficilem</span> <span class='ocrx_word' id='word_1_240' title='bbox 1450 2067 1504 2106; x_wconf 90' lang='lat' dir='ltr'>ad</span> <span class='ocrx_word' id='word_1_241' title='bbox 1521 2065 1915 2117; x_wconf 86' lang='lat' dir='ltr'>consequutionem</span> 
     </span>
     <span class='ocr_line' id='line_1_29' title="bbox 297 2131 978 2171; baseline 0.001 -1"><span class='ocrx_word' id='word_1_242' title='bbox 297 2131 451 2171; x_wconf 88' lang='lat' dir='ltr'>veniae</span> <span class='ocrx_word' id='word_1_243' title='bbox 480 2131 718 2171; x_wconf 90' lang='lat' dir='ltr'>inueniunt</span> <span class='ocrx_word' id='word_1_244' title='bbox 746 2132 915 2171; x_wconf 89' lang='lat' dir='ltr'>aditum</span> <span class='ocrx_word' id='word_1_245' title='bbox 946 2140 978 2171; x_wconf 58' lang='grc' dir='ltr'>ἃ.</span> 
     </span>
    </p>

    <p class='ocr_par' dir='ltr' id='par_1_6' title="bbox 296 2196 1918 2891">
     <span class='ocr_line' id='line_1_30' title="bbox 374 2196 1917 2248; baseline -0.001 -12"><span class='ocrx_word' id='word_1_246' title='bbox 374 2197 439 2236; x_wconf 67' lang='lat'>302.</span> <span class='ocrx_word' id='word_1_247' title='bbox 473 2197 554 2236; x_wconf 92' lang='lat' dir='ltr'>His</span> <span class='ocrx_word' id='word_1_248' title='bbox 583 2197 731 2248; x_wconf 88' lang='lat' dir='ltr'>itaque</span> <span class='ocrx_word' id='word_1_249' title='bbox 760 2199 891 2248; x_wconf 88' lang='lat' dir='ltr'>atque</span> <span class='ocrx_word' id='word_1_250' title='bbox 911 2197 1013 2248; x_wconf 84' lang='lat' dir='ltr'>alijs</span> <span class='ocrx_word' id='word_1_251' title='bbox 1034 2197 1169 2236; x_wconf 91' lang='lat' dir='ltr'>huius</span> <span class='ocrx_word' id='word_1_252' title='bbox 1189 2196 1362 2247; x_wconf 90' lang='lat' dir='ltr'>generis</span> <span class='ocrx_word' id='word_1_253' title='bbox 1383 2196 1557 2247; x_wconf 83' lang='lat' dir='ltr'>officijs,</span> <span class='ocrx_word' id='word_1_254' title='bbox 1580 2207 1693 2247; x_wconf 89' lang='lat' dir='ltr'>quae</span> <span class='ocrx_word' id='word_1_255' title='bbox 1714 2197 1917 2234; x_wconf 83' lang='lat' dir='ltr'>nostrum</span> 
     </span>
     <span class='ocr_line' id='line_1_31' title="bbox 297 2261 1916 2313; baseline -0.002 -12"><span class='ocrx_word' id='word_1_256' title='bbox 297 2273 323 2300; x_wconf 89' lang='lat' dir='ltr'>a</span> <span class='ocrx_word' id='word_1_257' title='bbox 351 2262 481 2301; x_wconf 88' lang='lat' dir='ltr'>nobis</span> <span class='ocrx_word' id='word_1_258' title='bbox 510 2262 764 2301; x_wconf 86' lang='lat' dir='ltr'>institutum</span> <span class='ocrx_word' id='word_1_259' title='bbox 795 2262 888 2301; x_wconf 89' lang='lat' dir='ltr'>iure</span> <span class='ocrx_word' id='word_1_260' title='bbox 917 2274 998 2301; x_wconf 91' lang='lat' dir='ltr'>suo</span> <span class='ocrx_word' id='word_1_261' title='bbox 1027 2262 1177 2313; x_wconf 78' lang='lat' dir='ltr'>exigit,</span> <span class='ocrx_word' id='word_1_262' title='bbox 1210 2261 1269 2301; x_wconf 84' lang='lat' dir='ltr'>ita</span> <span class='ocrx_word' id='word_1_263' title='bbox 1299 2261 1533 2313; x_wconf 87' lang='lat' dir='ltr'>collegium</span> <span class='ocrx_word' id='word_1_264' title='bbox 1583 2261 1667 2300; x_wconf 87' lang='lat' dir='ltr'>hoc</span> <span class='ocrx_word' id='word_1_265' title='bbox 1713 2261 1916 2299; x_wconf 90' lang='lat' dir='ltr'>nostrum</span> 
     </span>
     <span class='ocr_line' id='line_1_32' title="bbox 296 2325 1913 2378; baseline -0.002 -12"><span class='ocrx_word' id='word_1_266' title='bbox 296 2327 580 2378; x_wconf 91' lang='lat' dir='ltr'>oppinionem</span> <span class='ocrx_word' id='word_1_267' title='bbox 616 2327 737 2366; x_wconf 90' lang='lat' dir='ltr'>illam</span> <span class='ocrx_word' id='word_1_268' title='bbox 768 2339 818 2366; x_wconf 87' lang='lat' dir='ltr'>ac</span> <span class='ocrx_word' id='word_1_269' title='bbox 847 2339 984 2377; x_wconf 89' lang='lat' dir='ltr'>spem,</span> <span class='ocrx_word' id='word_1_270' title='bbox 1016 2339 1146 2378; x_wconf 90' lang='lat' dir='ltr'>quam</span> <span class='ocrx_word' id='word_1_271' title='bbox 1169 2328 1303 2367; x_wconf 90' lang='lat' dir='ltr'>semel</span> <span class='ocrx_word' id='word_1_272' title='bbox 1325 2327 1377 2367; x_wconf 90' lang='lat' dir='ltr'>de</span> <span class='ocrx_word' id='word_1_273' title='bbox 1398 2339 1444 2366; x_wconf 92' lang='lat' dir='ltr'>se</span> <span class='ocrx_word' id='word_1_274' title='bbox 1464 2325 1720 2373; x_wconf 82' lang='lat' dir='ltr'>concitauit,</span> <span class='ocrx_word' id='word_1_275' title='bbox 1742 2326 1913 2371; x_wconf 86' lang='lat' dir='ltr'>tuetur;</span> 
     </span>
     <span class='ocr_line' id='line_1_33' title="bbox 296 2390 1916 2443; baseline -0.001 -12"><span class='ocrx_word' id='word_1_276' title='bbox 296 2404 346 2431; x_wconf 85' lang='lat' dir='ltr'>ac</span> <span class='ocrx_word' id='word_1_277' title='bbox 375 2392 704 2440; x_wconf 88' lang='lat' dir='ltr'>authoritatem,</span> <span class='ocrx_word' id='word_1_278' title='bbox 735 2392 1010 2443; x_wconf 86' lang='lat' dir='ltr'>gratiamque</span> <span class='ocrx_word' id='word_1_279' title='bbox 1052 2392 1169 2442; x_wconf 87' lang='lat' dir='ltr'>apud</span> <span class='ocrx_word' id='word_1_280' title='bbox 1211 2404 1365 2432; x_wconf 90' lang='lat' dir='ltr'>omnes</span> <span class='ocrx_word' id='word_1_281' title='bbox 1411 2391 1613 2432; x_wconf 86' lang='lat' dir='ltr'>cuiusuis</span> <span class='ocrx_word' id='word_1_282' title='bbox 1642 2390 1837 2430; x_wconf 86' lang='lat' dir='ltr'>nationis</span> <span class='ocrx_word' id='word_1_283' title='bbox 1866 2401 1916 2429; x_wconf 83' lang='lat' dir='ltr'>ac</span> 
     </span>
     <span class='ocr_line' id='line_1_34' title="bbox 297 2455 1914 2506; baseline -0.001 -10"><span class='ocrx_word' id='word_1_284' title='bbox 297 2459 439 2496; x_wconf 88' lang='lat' dir='ltr'>status</span> <span class='ocrx_word' id='word_1_285' title='bbox 468 2457 671 2496; x_wconf 91' lang='lat' dir='ltr'>homines</span> <span class='ocrx_word' id='word_1_286' title='bbox 700 2457 745 2496; x_wconf 90' lang='lat' dir='ltr'>in</span> <span class='ocrx_word' id='word_1_287' title='bbox 775 2457 870 2495; x_wconf 91' lang='lat' dir='ltr'>dies</span> <span class='ocrx_word' id='word_1_288' title='bbox 899 2457 999 2503; x_wconf 88' lang='lat' dir='ltr'>sibi,</span> <span class='ocrx_word' id='word_1_289' title='bbox 1023 2468 1072 2495; x_wconf 84' lang='lat' dir='ltr'>ac</span> <span class='ocrx_word' id='word_1_290' title='bbox 1093 2456 1299 2496; x_wconf 85' lang='lat' dir='ltr'>Societati</span> <span class='ocrx_word' id='word_1_291' title='bbox 1322 2457 1531 2496; x_wconf 89' lang='lat' dir='ltr'>minimae</span> <span class='ocrx_word' id='word_1_292' title='bbox 1552 2458 1729 2496; x_wconf 84' lang='lat' dir='ltr'>nostrae</span> <span class='ocrx_word' id='word_1_293' title='bbox 1749 2455 1914 2506; x_wconf 86' lang='lat' dir='ltr'>potius,</span> 
     </span>
     <span class='ocr_line' id='line_1_35' title="bbox 299 2520 1916 2572; baseline -0.001 -12"><span class='ocrx_word' id='word_1_294' title='bbox 299 2521 522 2568; x_wconf 90' lang='lat' dir='ltr'>maiorem,</span> <span class='ocrx_word' id='word_1_295' title='bbox 553 2521 708 2560; x_wconf 90' lang='lat' dir='ltr'>diuina</span> <span class='ocrx_word' id='word_1_296' title='bbox 736 2532 832 2571; x_wconf 92' lang='lat' dir='ltr'>ope,</span> <span class='ocrx_word' id='word_1_297' title='bbox 864 2523 1099 2571; x_wconf 86' lang='lat' dir='ltr'>comparet.</span> <span class='ocrx_word' id='word_1_298' title='bbox 1133 2521 1226 2561; x_wconf 90' lang='lat' dir='ltr'>Hoc</span> <span class='ocrx_word' id='word_1_299' title='bbox 1254 2523 1399 2561; x_wconf 86' lang='lat' dir='ltr'>autem</span> <span class='ocrx_word' id='word_1_300' title='bbox 1431 2521 1477 2560; x_wconf 92' lang='lat' dir='ltr'>in</span> <span class='ocrx_word' id='word_1_301' title='bbox 1508 2532 1716 2572; x_wconf 84' lang='lat' dir='ltr'>magnum</span> <span class='ocrx_word' id='word_1_302' title='bbox 1739 2520 1818 2559; x_wconf 90' lang='lat' dir='ltr'>Dei</span> <span class='ocrx_word' id='word_1_303' title='bbox 1840 2520 1916 2559; x_wconf 94' lang='lat' dir='ltr'>ho-</span> 
     </span>
     <span class='ocr_line' id='line_1_36' title="bbox 296 2584 1918 2636; baseline -0.001 -11"><span class='ocrx_word' id='word_1_304' title='bbox 296 2598 448 2625; x_wconf 89' lang='lat' dir='ltr'>norem</span> <span class='ocrx_word' id='word_1_305' title='bbox 479 2586 710 2636; x_wconf 88' lang='lat' dir='ltr'>maiusque</span> <span class='ocrx_word' id='word_1_306' title='bbox 743 2586 1043 2636; x_wconf 78' lang='lat' dir='ltr'>proximorum</span> <span class='ocrx_word' id='word_1_307' title='bbox 1091 2587 1370 2626; x_wconf 86' lang='lat' dir='ltr'>commodum</span> <span class='ocrx_word' id='word_1_308' title='bbox 1418 2586 1587 2633; x_wconf 87' lang='lat' dir='ltr'>cadere,</span> <span class='ocrx_word' id='word_1_309' title='bbox 1637 2585 1764 2625; x_wconf 82' lang='lat' dir='ltr'>facile</span> <span class='ocrx_word' id='word_1_310' title='bbox 1811 2584 1918 2624; x_wconf 85' lang='lat' dir='ltr'>hinc</span> 
     </span>
     <span class='ocr_line' id='line_1_37' title="bbox 296 2648 1914 2697; baseline -0.001 -8"><span class='ocrx_word' id='word_1_311' title='bbox 296 2651 454 2690; x_wconf 89' lang='lat' dir='ltr'>euadet</span> <span class='ocrx_word' id='word_1_312' title='bbox 483 2650 779 2689; x_wconf 87' lang='lat' dir='ltr'>manifestum.</span> <span class='ocrx_word' id='word_1_313' title='bbox 812 2649 921 2689; x_wconf 90' lang='lat' dir='ltr'>Nam</span> <span class='ocrx_word' id='word_1_314' title='bbox 952 2662 1041 2689; x_wconf 94' lang='lat' dir='ltr'>non</span> <span class='ocrx_word' id='word_1_315' title='bbox 1072 2651 1202 2689; x_wconf 89' lang='lat' dir='ltr'>modo</span> <span class='ocrx_word' id='word_1_316' title='bbox 1223 2651 1431 2690; x_wconf 89' lang='lat' dir='ltr'>austriaci</span> <span class='ocrx_word' id='word_1_317' title='bbox 1453 2662 1622 2697; x_wconf 88' lang='lat' dir='ltr'>omnes,</span> <span class='ocrx_word' id='word_1_318' title='bbox 1645 2650 1721 2690; x_wconf 88' lang='lat' dir='ltr'>sed</span> <span class='ocrx_word' id='word_1_319' title='bbox 1742 2648 1914 2697; x_wconf 86' lang='lat' dir='ltr'>bauari,</span> 
     </span>
     <span class='ocr_line' id='line_1_38' title="bbox 296 2714 1913 2767; baseline -0.001 -13"><span class='ocrx_word' id='word_1_320' title='bbox 296 2715 488 2762; x_wconf 87' lang='lat' dir='ltr'>bohemi,</span> <span class='ocrx_word' id='word_1_321' title='bbox 538 2714 704 2766; x_wconf 90' lang='lat' dir='ltr'>poloni,</span> <span class='ocrx_word' id='word_1_322' title='bbox 754 2715 961 2766; x_wconf 85' lang='lat' dir='ltr'>hungari,</span> <span class='ocrx_word' id='word_1_323' title='bbox 1010 2716 1212 2766; x_wconf 79' lang='lat' dir='ltr'>hylyrici,</span> <span class='ocrx_word' id='word_1_324' title='bbox 1262 2716 1436 2763; x_wconf 84' lang='lat' dir='ltr'>flandri,</span> <span class='ocrx_word' id='word_1_325' title='bbox 1485 2716 1608 2767; x_wconf 88' lang='lat' dir='ltr'>galli,</span> <span class='ocrx_word' id='word_1_326' title='bbox 1639 2715 1772 2755; x_wconf 88' lang='lat' dir='ltr'>etiam</span> <span class='ocrx_word' id='word_1_327' title='bbox 1802 2714 1913 2761; x_wconf 90' lang='lat' dir='ltr'>itali,</span> 
     </span>
     <span class='ocr_line' id='line_1_39' title="bbox 297 2778 1917 2831; baseline 0 -13"><span class='ocrx_word' id='word_1_328' title='bbox 297 2779 486 2831; x_wconf 89' lang='lat' dir='ltr'>hyspani</span> <span class='ocrx_word' id='word_1_329' title='bbox 515 2790 705 2830; x_wconf 90' lang='lat' dir='ltr'>quoque,</span> <span class='ocrx_word' id='word_1_330' title='bbox 737 2781 868 2829; x_wconf 85' lang='lat' dir='ltr'>atque</span> <span class='ocrx_word' id='word_1_331' title='bbox 888 2779 1019 2826; x_wconf 88' lang='lat' dir='ltr'>slaui,</span> <span class='ocrx_word' id='word_1_332' title='bbox 1042 2781 1174 2830; x_wconf 86' lang='lat' dir='ltr'>atque</span> <span class='ocrx_word' id='word_1_333' title='bbox 1194 2782 1382 2829; x_wconf 85' lang='lat' dir='ltr'>croatae,</span> <span class='ocrx_word' id='word_1_334' title='bbox 1408 2780 1640 2820; x_wconf 86' lang='lat' dir='ltr'>mediocris</span> <span class='ocrx_word' id='word_1_335' title='bbox 1656 2778 1917 2829; x_wconf 87' lang='lat' dir='ltr'>altiorisque</span> 
     </span>
     <span class='ocr_line' id='line_1_40' title="bbox 296 2843 1915 2891; baseline -0.001 -8"><span class='ocrx_word' id='word_1_336' title='bbox 296 2844 565 2884; x_wconf 90' lang='lat' dir='ltr'>conditionis</span> <span class='ocrx_word' id='word_1_337' title='bbox 594 2843 810 2891; x_wconf 91' lang='lat' dir='ltr'>homines,</span> <span class='ocrx_word' id='word_1_338' title='bbox 843 2844 958 2883; x_wconf 87' lang='lat' dir='ltr'>filios</span> <span class='ocrx_word' id='word_1_339' title='bbox 996 2845 1328 2884; x_wconf 87' lang='lat' dir='ltr'>amantissimos</span> <span class='ocrx_word' id='word_1_340' title='bbox 1370 2857 1476 2885; x_wconf 92' lang='lat' dir='ltr'>suos</span> <span class='ocrx_word' id='word_1_341' title='bbox 1518 2845 1618 2884; x_wconf 89' lang='lat' dir='ltr'>fidei</span> <span class='ocrx_word' id='word_1_342' title='bbox 1662 2846 1915 2883; x_wconf 85' lang='lat' dir='ltr'>nostrorum</span> 
     </span>
    </p>
   </div>
   <div class='ocr_carea' id='block_1_3' title="bbox 358 3014 661 3046">
    <p class='ocr_par' dir='ltr' id='par_1_7' title="bbox 358 3014 661 3046">
     <span class='ocr_line' id='line_1_41' title="bbox 358 3014 661 3046; baseline -0.003 0"><span class='ocrx_word' id='word_1_343' title='bbox 358 3023 376 3042; x_wconf 83' lang='lat' dir='ltr'>a</span> <span class='ocrx_word' id='word_1_344' title='bbox 396 3014 564 3046; x_wconf 85' lang='lat' dir='ltr'>additum</span> <span class='ocrx_word' id='word_1_345' title='bbox 591 3022 661 3046; x_wconf 81' lang='lat' dir='ltr'>ms.</span> 
     </span>
    </p>
   </div>
  </div>
 </body>
</html>
