2028 3531
503 292 584 329 575.
610 314 654 317 —
683 292 881 329 Tnssvuus
908 293 930 328 4
957 293 1214 329 SEPTEMBms
1245 293 1329 329 1561
1618 290 1687 329 537

103 411 256 461 populi
287 411 424 462 furor)
457 412 756 462 pepercerint;
781 412 855 451 sed
881 411 1053 451 nullum
1085 423 1173 450 non
1204 411 1530 455 concitationis,
1554 423 1604 450 ac
1633 424 1733 451 con-

102 475 341 516 iurationis
371 488 513 528 genus
542 480 695 517 contra
725 489 825 517 eum
859 477 999 516 moliti
1032 477 1137 524 sint,
1164 477 1281 516 velut
1317 479 1471 516 contra
1501 477 1733 516 stimulum

100 541 396 589 calcitrantes,
428 553 542 592 quae
585 543 696 582 citra
740 543 964 582 horrorem
1010 554 1064 581 ne
1109 542 1259 582 referri
1304 541 1484 593 quidem
1531 544 1731 592 possunt.

100 606 327 657 Denique,.
348 618 403 646 ne
436 607 573 647 vllum
603 608 655 647 ad
689 607 1009 647 incrementum
1040 608 1288 647 dementiae
1319 619 1426 647 suae
1461 608 1606 647 locum
1646 606 1731 646 sibi

100 671 320 723 reliquum
352 672 560 718 facerent,
584 685 685 713 cum
715 685 804 712 non
829 673 955 724 pauci
989 673 1219 724 religionis
1250 685 1385 712 causa
1410 673 1554 712 solum
1586 672 1734 712 natale

100 736 354 777 voluntario
383 738 519 777 exilio
548 739 857 789 permutarinl,
890 739 1008 790 quod
1040 738 1235 778 dicerent
1275 751 1321 777 se
1363 738 1557 789 quoduis
1588 739 1734 789 potius

100 802 189 853 pati
220 814 364 853 posse,
387 816 520 854 quam
553 804 814 855 papisticaui
847 804 1128 855 tyrannidem
1163 805 1262 852 (hac
1287 804 1402 843 enim
1439 803 1685 855 periphrasi
1716 812 1732 829 ²¹

98 868 260 907 summi
292 868 516 919 pontificis
548 872 805 920 potestatem
838 869 1301 920 circumloquuntui·);
1332 871 1561 909 remanent
1590 868 1733 907 nihilo

97 934 246 972 tamen
288 933 435 974 secius
466 934 512 974 in
543 935 626 974 hac
658 936 762 974 vrbe
793 935 972 974 illorum
1013 935 1242 985 coniuges,
1276 934 1420 977 liberi,
1461 936 1663 985 parentes
1692 936 1733 973 et

96 997 242 1038 amici.
275 997 393 1048 Quin
422 1000 541 1050 quod
571 1002 613 1039 et
643 1000 709 1039 illi
740 1011 917 1050 quoque
949 1000 1123 1038 interim
1165 1000 1419 1039 clanculum
1451 1000 1599 1038 vrbem
1631 1000 1734 1039 sub—

97 1062 280 1112 intrant,
326 1075 601 1115 suorumque
650 1065 840 1112 animos,
887 1065 1034 1116 quoad
1078 1065 1173 1103 fieri
1217 1067 1376 1116 potest,
1423 1077 1445 1103 a
1482 1065 1734 1116 synceriore

96 1128 180 1168 fide
223 1129 479 1169 abalienare
509 1133 733 1182 satagunt.
782 1130 912 1181 Cupit
942 1131 1061 1170 enim
1093 1131 1313 1170 lutulenta
1345 1142 1422 1170 sus
1452 1142 1607 1170 omnes
1638 1130 1731 1170 luto

96 1193 232 1234 infici.
257 1194 376 1234 Inter
404 1195 486 1235 has
516 1196 781 1235 acerbitates
814 1196 979 1247 cogitet
1009 1197 1060 1237 R.
1085 1196 1136 1235 V.
1170 1196 1327 1246 quanti
1360 1196 1526 1247 negotij
1558 1196 1616 1235 sit
1646 1196 1735 1247 ple-

96 1260 191 1299 bem
237 1260 284 1300 in
314 1261 462 1300 officio
505 1262 722 1301 contineri
758 1274 899 1312 posse.
932 1274 1029 1301 eam
1067 1262 1341 1313 praesertim,
1374 1274 1488 1313 quae
1519 1262 1567 1301 in
1599 1262 1733 1301 niedi-

95 1325 225 1365 tullio
255 1326 594 1373 haereticorum,
616 1327 735 1367 velut
767 1327 912 1367 lilium
945 1328 1060 1367 inter
1089 1327 1260 1378 spinas,
1280 1328 1494 1367 collocata
1516 1330 1594 1367 est.
1620 1327 1730 1367 Nam

94 1390 150 1430 ad
179 1403 494 1443 quamcunque
523 1392 717 1433 vicinam
765 1395 932 1444 partem
964 1396 1004 1433 te
1040 1393 1212 1440 voluas,
1245 1393 1495 1433 lutheranis
1525 1396 1567 1433 et
1596 1393 1731 1433 calui-

94 1456 244 1496 nianis
277 1458 406 1508 plena
436 1460 539 1498 sunt
572 1459 736 1500 omnia.
762 1459 839 1499 Dei
871 1461 1019 1499 tamen
1051 1460 1228 1498 fauente
1258 1459 1493 1498 clementia
1525 1459 1731 1498 Treueris

91 1525 251 1563 cuncta
283 1523 371 1563 iam
393 1536 549 1563 secura
572 1524 799 1572 videmus3
823 1527 865 1564 et
894 1525 931 1564 si
962 1525 1039 1576 qui
1070 1526 1181 1564 forte
1202 1525 1498 1575 improbiores
1519 1525 1728 1573 existant,

95 1590 138 1627 vt
182 1588 434 1640 frequenter
478 1589 640 1629 accidit
670 1590 715 1629 in
760 1590 1024 1630 cultissimis
1055 1590 1187 1629 etiam
1232 1590 1353 1641 agris
1383 1590 1498 1629 inter
1533 1590 1728 1630 triticum

92 1653 251 1693 lolium
284 1654 434 1702 nasci;
468 1654 535 1694 illi
579 1667 710 1695 suum
744 1667 827 1706 pus
871 1656 1048 1706 publice
1091 1667 1297 1695 euomere
1343 1668 1429 1695 non
1476 1655 1657 1703 audent,
1689 1657 1731 1695 et

92 1721 247 1759 contra
276 1721 453 1760 nostros
483 1732 538 1760 ne
568 1721 738 1761 hiscere
768 1721 964 1773 quidem,
997 1723 1116 1761 certo
1156 1721 1347 1761 scientes
1378 1733 1460 1761 nos
1490 1734 1514 1760 a
1546 1721 1726 1769 maiore,

90 1784 356 1837 sanioreque
387 1788 511 1836 parte
542 1786 695 1838 populi
727 1799 816 1826 non
848 1787 1025 1838 probari
1058 1787 1203 1831 modo„
1231 1799 1380 1827 verum
1411 1787 1543 1827 etiam
1578 1787 1728 1839 magni

90 1850 199 1890 fieri.
233 1850 416 1890 Interim
447 1853 595 1891 tamen
626 1852 850 1892 intersunt
882 1853 1166 1899 lectionibus,
1200 1853 1423 1893 interdum
1454 1854 1497 1892 et
1530 1852 1729 1904 disputa-

90 1915 488 1956 tionibusnostris
519 1917 771 1957 frendentes
792 1918 1018 1965 dentibus,
1044 1931 1146 1970 prae
1176 1919 1411 1970 angustiae
1442 1918 1629 1970 spiritus
1658 1931 1729 1970 ge-

91 1983 263 2021 mentes
293 1984 322 2030 1,
373 1984 415 2021 et
457 1982 602 2022 oculis
632 1985 805 2023 tantum
851 1996 939 2023 non
985 1986 1162 2024 nostros
1205 1984 1401 2024 asseclas
1443 1984 1725 2032 deuorantes;

89 2047 324 2098 praecipue
368 2050 516 2088 autem
547 2050 819 2089 sacerdotem
865 2051 1088 2101 quendam
1129 2050 1338 2090 Societati
1369 2050 1726 2090 addictissimum

88 2112 351 2164 suggillant,
375 2113 574 2165 dirisque
605 2115 846 2159 deuouent,
870 2116 987 2166 quod
1019 2116 1290 2155 treuerensis
1321 2116 1433 2167 ipse,
1458 2116 1727 2156 treuerensis

88 2176 306 2218 dioecesis
337 2178 536 2230 proditor
566 2180 714 2227 tuerit,
737 2181 946 2232 quodque
967 2193 1014 2220 se
1036 2181 1127 2220 illis
1152 2182 1308 2221 ducem
1340 2181 1625 2232 praestiterit,
1649 2181 1725 2232 qui

88 2242 351 2284 Societatem
391 2247 589 2285 nostram
639 2246 685 2285 in
733 2258 827 2286 eam
879 2247 1258 2294 introduxissent3
1310 2248 1384 2287 sed
1417 2248 1526 2287 haec
1574 2247 1727 2286 omnia

88 2307 210 2348 velut
239 2309 392 2361 fulgur
419 2321 442 2349 e
474 2310 603 2359 vitro,
628 2313 670 2351 et
702 2312 768 2351 vel
791 2324 842 2352 eo
872 2312 1023 2363 plures
1052 2315 1206 2352 contra
1236 2325 1282 2352 se
1313 2315 1502 2361 armant,
1535 2312 1613 2363 qui
1634 2315 1725 2352 tam

89 2365 598 2415 vmbratili’innitantur
627 2376 932 2418 fundamento.

167 2438 228 2479 12.
262 2439 387 2479 Istud
433 2441 575 2491 magis
605 2441 743 2481 dictat
787 2442 995 2494 quisquis
1026 2444 1299 2494 perspexerit
1338 2446 1507 2495 quanta
1537 2444 1725 2483 beneuo-

86 2503 240 2551 lentia,
273 2504 642 2558 humanitateque
686 2507 886 2555 abbates,
928 2509 1133 2563 canonici
1179 2509 1548 2557 metropolitanae
1591 2509 1725 2549 eccle-

86 2568 194 2617 siae,
226 2581 277 2609 ac
315 2573 499 2610 senatus
531 2583 612 2611 nos
644 2575 954 2624 prosequatur,
987 2576 1205 2625 quantum
1251 2575 1382 2614 nobis
1426 2575 1603 2614 faueant
1649 2586 1724 2625 op-

86 2634 181 2673 timi
212 2635 379 2686 quique
421 2636 544 2676 ciues
573 2649 624 2676 ac
657 2641 934 2679 mercatores.
967 2639 1077 2678 Nam
1108 2639 1161 2679 de
1204 2640 1440 2679 ordinibus
1471 2640 1723 2679 mendican-

86 2699 196 2740 tium
239 2703 279 2740 et
326 2701 552 2753 virginum
595 2703 687 2743 Deo
730 2704 1054 2754 dedicatarum,
1087 2706 1195 2757 quid
1240 2706 1398 2745 attinet
1441 2706 1614 2757 aliquid
1651 2705 1723 2745 hic

84 2769 463 2807 commemorare?
507 2767 615 2808 Cum
662 2781 751 2808 non
796 2770 1000 2810 obscuris
1030 2772 1309 2822 argumentis
1344 2771 1648 2819 didicerimus,
1680 2772 1721 2810 et

145 2939 163 2958 a
184 2931 266 2964 Del.
291 2941 436 2974 semper
458 2934 518 2974 (ἓ).

146 3086 157 3104 ¹
179 3084 231 3118 Cf.
256 3085 339 3119 SAP.
364 3085 408 3126 V,
432 3087 464 3119 3.
