2028 3531
633 266 707 302 471.
736 287 780 292 —
810 266 949 303 PRAGA
983 267 1020 302 ll
1052 267 1245 304 IANUARH
1276 269 1362 304 1561
1722 273 1760 306 ‹31

176 384 224 422 ut
243 382 432 433 quilibet
462 384 608 424 officia
638 385 782 435 plura,
807 385 997 425 maxime
1026 398 1140 437 quae
1170 389 1277 427 sunt
1307 388 1512 434 humilia,
1536 389 1686 429 subire
1712 402 1814 429 con—

174 447 340 493 tendat,
372 450 505 499 atque
535 449 599 489 sic
630 462 747 490 unus
776 450 834 490 sit
865 450 1007 490 instar
1037 452 1304 500 multorum;
1337 456 1378 493 et
1409 454 1525 504 quod
1564 466 1653 493 non
1686 455 1811 505 parui

175 513 385 552 momenti
417 513 608 563 uidetur,
640 528 754 566 quae
783 527 818 555 s.
851 517 1105 556 obedientia
1134 518 1387 565 committit,
1411 521 1534 558 tanta
1565 519 1649 558 fide
1679 522 1719 558 et
1750 519 1814 558 di-

172 577 357 628 ligentia
388 582 630 629 praestant,
663 583 711 620 ut
753 581 800 620 in
843 581 1020 621 duobus
1063 584 1130 622 sat
1177 583 1351 634 magnis
1388 584 1582 634 profecto
1611 584 1813 635 collegijs

172 642 326 682 nihila
356 644 501 684 omitti
546 645 767 694 uideatur,
803 647 919 697 quod
967 647 1161 698 diligens
1204 661 1253 688 ac
1300 649 1486 700 prouida
1530 649 1810 700 gubernatio.

172 708 244 747 1101
273 708 474 749 eiusdem
505 710 649 750 fidelis
677 712 879 751 executio
909 712 1144 753 desideret.
1179 714 1345 765 Ecquid
1375 715 1558 754 obsecro
1580 714 1812 765 pulchrius

171 785 221 813 ac
242 776 420 814 nostrae
440 775 617 826 quidem
651 777 877 816 uocationi
910 778 1052 829 magis
1072 781 1422 819 consentaneum
1446 779 1691 819 existimari
1721 782 1813 830 pot-

170 840 251 886 est,
283 851 416 890 quam
448 841 567 891 quod
598 842 671 881 hic
701 854 791 882 non
822 855 921 882 raro
952 844 1163 885 cernitur,
1200 847 1245 884 ut
1277 845 1428 884 eadem
1470 856 1658 895 persona
1693 857 1812 884 nunc

173 905 295 944 uerbi
317 905 462 945 diuini
495 918 753 957 praeconem
788 908 833 947 in
865 909 1043 960 templo.
1070 910 1156 948 iam
1190 910 1235 949 in
1265 911 1419 950 schola
1440 910 1698 962 grauiorum
1730 910 1812 949 lec-

172 970 343 1010 tionum
388 972 697 1022 professorem,
730 973 890 1013 deinde
935 975 1226 1025 paruulorum
1271 976 1495 1016 doctorem
1535 976 1581 1015 in
1625 976 1811 1014 minima

168 1035 326 1083 classe,
359 1038 512 1087 postea
541 1037 661 1077 domi
693 1039 738 1077 in
769 1039 919 1078 culina
955 1052 1163 1091 coquum,
1197 1041 1267 1080 1101
1299 1041 1343 1080 in
1378 1041 1609 1081 refectorio
1654 1041 1811 1080 minis-

168 1103 301 1148 trum,
326 1102 397 1141 uel
428 1104 495 1152 (111
515 1103 567 1142 de
589 1103 691 1154 alijs
712 1106 897 1151 taceam)
929 1106 1048 1156 apud
1078 1106 1242 1145 ostium
1275 1107 1509 1146 ianitorem
1531 1107 1664 1157 agat?
1694 1106 1809 1156 Quid

168 1166 313 1206 dicam
343 1168 463 1218 quod
494 1168 602 1208 foris
633 1170 817 1220 negocia
847 1170 1021 1222 collegi]
1068 1173 1205 1215 curet,
1238 1173 1357 1223 quod
1403 1172 1553 1212 uisitet
1596 1183 1808 1213 carceres

167 1232 286 1282 quod
318 1233 364 1272 in
395 1234 697 1284 hospitalibus
727 1235 929 1275 infirmos
972 1239 1049 1276 aut
1095 1249 1310 1288 pauperes
1348 1238 1633 1277 consoletur?
1665 1238 1810 1288 Atque

168 1298 276 1337 haec
306 1298 407 1338 licet
438 1299 593 1348 multa,
627 1313 707 1340 nec
736 1301 897 1351 exigua
942 1302 1192 1341 ministeria
1235 1303 1339 1349 sint,
1373 1303 1482 1342 adeo
1527 1305 1674 1342 tamen
1717 1314 1808 1345 005,

167 1363 213 1402 111
243 1376 357 1415 quos
386 1365 521 1405 simul
553 1366 772 1410 incidunt,
806 1379 895 1406 non
927 1379 1114 1418 grauare
1146 1368 1370 1411 uidentur.
1405 1371 1449 1408 ut
1482 1368 1567 1419 ipsi
1599 1380 1688 1407 non
1730 1368 1809 1407 mi-

166 1441 318 1469 norem
363 1430 468 1470 hine
511 1432 880 1480 consolationem,
912 1446 1047 1484 quam
1093 1434 1163 1474 uel
1206 1435 1366 1474 caeteri
1410 1434 1641 1474 domestici
1681 1434 1810 1485 spiri-

166 1496 332 1535 tualem
362 1496 731 1546 aedificationem,
766 1498 836 1538 uel
866 1499 1061 1550 extranej
1101 1512 1318 1550 pauperes
1350 1502 1436 1539 tam
1468 1500 1644 1539 animae
1674 1512 1807 1551 quam

165 1561 364 1611 corporis
395 1561 634 1601 utilitatem
665 1562 919 1614 frequenter
948 1564 1159 1604 sentiant.
1194 1565 1263 1604 Ad
1293 1577 1482 1616 quarum
1515 1577 1622 1604 sane
1661 1577 1807 1604 rerum

163 1625 297 1665 foelix
328 1626 653 1668 incrementum
684 1640 773 1667 non
807 1640 961 1680 parum
992 1641 1224 1680 speramus
1252 1631 1553 1681 profuturum,
1576 1631 1695 1682 quod
1718 1642 1808 1669 om-

165 1703 243 1730 nes
274 1692 411 1732 huius
441 1692 624 1744 Collegij
654 1694 808 1734 Patres
838 1706 887 1734 ac
919 1696 1077 1735 fratres
1099 1696 1365 1747 generaliter
1386 1696 1577 1735 confessi
1599 1708 1680 1735 sua
1704 1698 1806 1736 uota

164 1757 210 1796 in
241 1757 379 1798 huius
408 1759 515 1798 anni
546 1759 781 1810 principio,
814 1763 938 1800 tanto
984 1762 1136 1812 procul
1180 1762 1318 1802 dubio
1360 1762 1503 1802 fructu
1535 1764 1574 1801 et
1607 1751 1808 1801 consola-

162 1822 299 1870 tione,
331 1826 500 1874 quanto
530 1826 703 1864 feruore
736 1825 851 1875 (laus
882 1826 988 1873 Deo)
1022 1827 1312 1867 innouarunt.

242 1888 280 1927 2.
314 1888 490 1929 Nouum
522 1893 671 1930 autem
701 1891 955 1942 collegium,
989 1895 1162 1943 praeter
1191 1893 1486 1939 conuictores,
1524 1893 1611 1932 iam
1643 1893 1808 1944 stipen-

161 1954 331 1994 (liarios
361 1955 677 1995 selectissimos
707 1959 748 1996 et
778 1957 1025 2008 singularis
1055 1959 1377 2009 expectationis
1417 1959 1604 1998 iuuenes
1645 1959 1692 1998 12
1728 1959 1807 1998 ha-

163 2019 249 2067 bet,
282 2032 332 2059 ac
372 2021 513 2061 11111110
556 2022 736 2073 quidem
782 2023 932 2073 plures
976 2024 1172 2068 haberet,
1205 2024 1242 2063 si
1275 2024 1388 2064 Rst‘lss*
1421 2025 1490 2064 Pr.
1526 2025 1685 2064 Rector
1716 2028 1723 2048 ¹
1760 2025 1806 2064 in

161 2084 235 2125 his
263 2086 437 2137 collegij
473 2087 628 2138 primis
659 2088 803 2138 initijs
832 2089 1064 2128 admittere
1095 2089 1334 2140 quoslibet,
1367 2102 1417 2129 ac
1447 2090 1566 2130 uotis
1595 2091 1806 2130 omnibus

160 2151 416 2191 satisfacere
448 2155 610 2203 posset.
644 2153 770 2193 Vnde
800 2166 899 2193 cum
932 2154 1188 2194 institutum
1221 2155 1333 2195 illud
1379 2156 1594 2206 paulatim
1626 2168 1675 2195 30
1706 2168 1806 2196 5113-

163 2217 277 2256 111101·
305 2229 500 2258 crescere
530 2219 702 2267 debeat,
736 2231 815 2259 nec
860 2220 956 2271 ipsa
1000 2220 1161 2260 (10111115
1208 2221 1417 2261 maiorem
1449 2221 1535 2260 iam
1570 2234 1804 2261 numerum

160 2294 316 2334 capere
339 2282 355 2308 b
387 2284 515 2323 facile
545 2287 693 2336 queat,
727 2285 936 2325 nonnulli
967 2298 1048 2325 nec
1078 2286 1256 2326 infimae
1287 2287 1422 2326 sortis
1452 2287 1674 2329 homines.
1702 2287 1805 2327 licet

162 2360 251 2388 non
281 2361 363 2389 sua
394 2352 565 2390 tantun]
612 2351 866 2398 autoritate,
908 2352 984 2391 sed
1028 2352 1219 2392 aliorum
1265 2352 1399 2392 etiam
1445 2353 1804 2404 interpellatione

160 2426 243 2454 nos
274 2417 476 2466 urgeant.
511 2416 769 2456 rudioribus
800 2419 948 2456 tamen
991 2417 1222 2469 principiis
1265 2418 1418 2458 cedere
1460 2421 1697 2469 coguntur.
1730 2418 1805 2457 (10-

161 2492 241 2519 nec
270 2481 428 2527 maior,
460 2494 593 2533 quam
625 2482 712 2522 cito
743 2482 835 2522 fore
865 2495 1113 2534 speramus,
1143 2484 1200 2523 sit
1230 2484 1463 2524 habitandi
1495 2485 1801 2524 commoditas,

161 2545 211 2584 Et
241 2557 342 2586 011111
387 2547 435 2586 R.
468 2547 518 2586 D.
554 2547 840 2598 Praepositus
870 2550 884 2572 2
915 2549 992 2588 diu
1038 2549 1318 2601 multumque
1362 2550 1595 2590 nobiscum
1640 2550 1803 2601 egisset

159 2611 212 2650 de
242 2612 543 2663 suscipiendis
573 2613 905 2664 grandioribus.
937 2615 1014 2666 qui
1046 2615 1214 2654 scilicet
1260 2628 1360 2655 111οΧ
1405 2616 1461 2655 3(1
1505 2616 1803 2656 sacerdotium

220 2782 236 2800 a
260 2774 356 2806 nihil
380 2784 505 2816 supra
534 2784 633 2807 vers,
658 2794 699 2798 —
723 2776 740 2801 b
762 2785 956 2808 numerum
983 2776 1092 2817 infra
1121 2786 1235 2811 vers..
1262 2777 1382 2809 deleto
1406 2778 1488 2809 alio
1515 2778 1645 2810 verbo:
1671 2787 1802 2818 capere

159 2828 201 2859 itt
229 2837 356 2869 marg).

221 2968 229 2984 ¹
255 2965 292 2999 P.
319 2966 458 2999 Paulus
483 2967 669 3000 Hoffaeus.

220 3021 232 3038 2
256 3019 317 3052 Dr.
342 3020 528 3052 Henricus
552 3020 784 3059 Scribonius,
809 3022 987 3054 ecclesiae
1011 3023 1206 3064 pragensis
1231 3024 1480 3064 praepositus,
1499 3025 1534 3056 et
1554 3024 1802 3064 archiepisco-

158 3074 271 3114 patus
295 3074 592 3106 administrator.
