2028 3531
318 276 384 311 „302
790 275 993 312 er‘ri-:RAE
1028 276 1372 320 QUAnainffls'rnsss

378 397 637 435 Adleortatio
669 396 726 434 acl
757 397 918 434 Patres
943 396 1250 435 Gai-tussam&
1288 396 1438 433 Oratio
1465 394 1515 431 cle
1547 394 1755 432 laudibus
1785 394 1889 432 Divi

382 462 566 499 rhomae
596 462 838 510 Aquinatis
872 462 919 499 in
954 463 1057 499 ‘novi
1094 461 1408 500 universitatis
1446 459 1632 497 rectoris
1669 459 1886 497 electione.

375 549 424 552 —
465 530 508 564 4.
549 526 744 564 Fructus
792 539 844 564 ex
892 527 1190 575 paenitentiae
1236 524 1515 563 sacramento
1557 524 1798 573 perceptus.
1841 545 1887 549 —

377 595 417 629 5.
451 591 788 640 Archiepiscopi,
829 591 1105 640 suffraganei
1134 592 1173 628 et
1208 591 1405 627 aliorum
1444 599 1551 637 erga
1589 590 1730 627 socios
1769 588 1888 627 bene-

382 657 585 693 volentia.

355 790 386 827 l.
420 790 448 838 ·{<
480 789 570 827 Pax
600 788 781 828 Christi.
815 788 900 840 [Ex
934 790 1203 828 oboedientia
1225 788 1389 834 scribit,
1414 799 1526 837 quae
1557 788 1750 836 quatuor
1770 799 1889 824 men-

271 855 395 893 sibus
438 856 485 892 ve‘n
529 855 711 904 collegio
761 855 1029 893 acciderunt.
1064 878 1078 882 -
1110 854 1374 893 Studiorum
1422 852 1730 901 inauguratio.
1787 851 1890 890 Vide

266 932 369 969 pay.
407 918 608 969 164-165J.
654 918 846 958 Recitata
890 918 1022 958 etiam
1057 920 1161 957 sunt
1190 917 1387 956 carmina
1429 916 1482 955 de
1511 916 1662 955 eadem
1709 915 1889 954 materia

272 995 347 1033 per
376 983 596 1034 quendam
626 995 677 1022 ex
708 983 872 1022 illustri
912 983 1081 1022 familia
1120 982 1457 1024 adolescentem,
1499 980 1663 1031 quihus
1703 980 1888 1019 multum

274 1047 452 1087 recreati
483 1050 524 1087 et
555 1048 599 1087 in
632 1059 835 1099 magnam
867 1059 987 1098 spem
1020 1047 1195 1086 excitati
1229 1046 1424 1085 Vniuersi
1455 1046 1647 1091 fuerunt,
1684 1044 1892 1095 quemad-

272 1113 450 1152 modum
481 1125 533 1152 ex
563 1113 803 1152 multorum
848 1113 1128 1152 sermonibus
1170 1112 1371 1151 auditum
1415 1112 1529 1149 est...
1578 1110 1658 1149 His
1697 1110 1757 1149 ita
1791 1121 1890 1149 eum

272 1178 409 1217 totius
438 1178 635 1217 ciuitatis
664 1178 803 1217 letitia
836 1178 1037 1228 peractis,
1084 1179 1333 1216 nostrarum
1379 1175 1637 1214 facultatum
1682 1175 1892 1214 lectiones

273 1243 448 1294 publice
477 1250 493 1269 ³
523 1243 716 1293 profiteri
751 1242 977 1292 coepimus
1009 1243 1057 1280 10
1088 1241 1330 1291 Februarij.
1364 1240 1408 1279 in
1438 1240 1602 1291 quibus
1639 1239 1892 1279 auditorum

274 1308 562 1359 frequentiam
595 1310 637 1347 et
666 1307 972 1347 assiduitatem
1003 1318 1159 1346 sumus
1188 1305 1351 1352 mirati„
1384 1305 1573 1344 maxime
1600 1306 1774 1355 propter
1803 1303 1892 1343 hie-

273 1373 357 1411 mis
378 1372 674 1423 asperitatem,
698 1384 810 1423 quae
831 1372 1045 1411 studiosis
1066 1371 1245 1410 inimica
1275 1382 1370 1409 esse
1399 1370 1524 1409 solet.
1555 1369 1665 1408 Nam
1696 1369 1741 1408 in
1771 1369 1891 1408 theo-

273 1437 430 1488 logicis
453 1437 823 1476 lectionibus.vix
854 1448 1046 1487 vnquam
1069 1437 1229 1476 absens
1250 1436 1333 1474 fuit
1364 1435 1413 1473 R.
1438 1434 1488 1474 D.
1521 1433 1824 1484 suffraganius
1852 1436 1892 1472 et

273 1502 323 1542 D.
355 1503 494 1541 abbas
523 1501 564 1542 S.
596 1501 790 1547 Martini,
813 1501 887 1552 qui
911 1501 998 1540 duo
1020 1501 1065 1540 in
1097 1501 1177 1540 hae
1207 1500 1387 1540 ciuitate
1417 1499 1559 1550 gratia
1587 1501 1630 1538 et
1658 1498 1894 1538 autoritate

275 1567 514 1617 plurimum
548 1567 708 1605 valent.
742 1566 890 1617 Neque
921 1578 1022 1605 vero
1053 1566 1134 1604 hac
1164 1565 1375 1615 temporis
1401 1564 1565 1604 iniuria
1594 1563 1789 1603 cohiberi
1821 1575 1894 1614 po·

274 1634 453 1671 tuerunt
495 1631 675 1681 plurimi
719 1631 793 1681 alij
840 1631 886 1670 in
929 1630 1062 1670 scolis
1108 1630 1362 1669 triuialihus
1404 1629 1609 1673 studiosi,
1653 1628 1894 1679 quominus

275 1696 542 1747 posthabitis
571 1696 672 1746 alijs
711 1696 959 1735 studiorum
1006 1695 1128 1741 locis,
1174 1694 1399 1734 Treuerim
1444 1693 1659 1738 venirent,
1705 1693 1893 1732 maxime

274 1763 418 1800 autem
464 1773 515 1800 ex
559 1761 678 1800 scola
723 1759 1116 1811 duisseldorpensi,
1161 1771 1245 1810 que
1289 1759 1403 1798 inter
1444 1758 1646 1798 triuiales
1684 1770 1709 1796 a
1753 1757 1892 1797 multo

274 1827 468 1876 tempore
489 1826 771 1865 celeberrima
792 1825 943 1864 habita
963 1826 1043 1871 est,
1066 1827 1107 1863 et
1132 1824 1435 1864 studiosorum
1467 1822 1751 1862 multitudine
1780 1834 1894 1861 com-

276 1890 494 1930 mendata.
528 1891 621 1929 Hoc
649 1901 747 1929 cum
780 1890 903 1929 illius
942 1889 1059 1928 scole
1099 1889 1347 1927 moderator
1378 1890 1387 1911 ¹
1423 1887 1514 1939 (qui
1553 1887 1742 1926 heretice
1780 1886 1894 1926 labis

273 1956 537 2005 contagione
558 1955 746 1994 infectus
767 1955 943 1997 dicitur)
966 1954 1237 1997 obseruaret,
1269 1965 1318 1992 ac
1349 1952 1366 1978 ¹)
1394 1953 1559 1992 multos
1587 1964 1640 1991 ex
1661 1951 1894 2002 discipulis

274 2021 369 2060 suis
399 2020 625 2060 Treuerim
657 2020 804 2059 venire
833 2019 1219 2065 animaduerteret,
1252 2019 1382 2069 longe
1416 2018 1565 2068 plures
1598 2029 1731 2068 quam
1765 2018 1894 2055 antea

274 2085 531 2124 scolastieas
547 2084 883 2124 exercitationes
900 2083 1157 2133 assumpsit,
1176 2083 1340 2134 quibus
1356 2084 1503 2122 tamen
1524 2081 1769 2132 discipulos
1789 2092 1894 2120 suos

277 2150 348 2189 vix
367 2149 552 2189 retinere
574 2151 730 2200 potest,
755 2148 863 2189 Cum
881 2150 1024 2187 autem
1050 2148 1201 2187 multis
1224 2159 1483 2197 persuasum
1500 2147 1557 2185 sit
1574 2146 1760 2197 primam
1777 2145 1892 2195 apud

276 2226 357 2253 nos
377 2226 527 2253 curam
549 2225 644 2253 esse
667 2215 711 2252 vt
733 2213 923 2264 primum
946 2213 1057 2251 bene
1080 2212 1275 2253 viuendi.
1299 2211 1457 2250 deinde
1479 2212 1589 2250 hene
1607 2209 1811 2249 studendi
1831 2221 1895 2248 ra-

276 2278 440 2317 tionem
461 2278 676 2318 studiosis
696 2277 861 2317 nostris
882 2277 1124 2321 tradamus
1145 2287 1198 2314 ne
1214 2275 1500 2314 scientiarum
1533 2275 1702 2314 fructus
1723 2285 1894 2312 morum

276 2344 550 2394 turpitudine
567 2343 839 2389 offendatur;
865 2343 913 2381 fit
930 2344 975 2380 vt
993 2341 1119 2380 multi
1138 2341 1310 2380 nobiles
1327 2352 1376 2380 ac
1392 2340 1499 2379 clari
1519 2340 1599 2378 viri
1617 2339 1896 2378 vehementer

277 2420 357 2448 nos
381 2411 532 2459 rogent
556 2420 631 2459 pro
652 2407 983 2447 conuictoribus
1001 2405 1311 2456 suscipiendis,
1334 2417 1476 2455 neque
1495 2404 1700 2444 existimo
1722 2403 1893 2442 Patrem

277 2485 430 2521 rogare
460 2473 678 2519 desinent,
715 2472 851 2511 donee
894 2483 1045 2510 eorum
1090 2470 1378 2520 postulationi
1422 2470 1622 2509 satisfiat.
1666 2468 1894 2508 Caeterum

276 2550 363 2588 quo
394 2538 607 2577 studiosis
637 2537 728 2576 illis
758 2537 878 2576 fieret
908 2536 1030 2577 satis.
1063 2536 1138 2586 qui
1170 2537 1265 2585 post
1297 2535 1444 2574 studia
1475 2534 1682 2573 inchoata
1711 2533 1797 2572 huc
1829 2543 1897 2570 ve-

277 2606 452 2649 nerunt,
486 2603 567 2641 hoc
598 2603 707 2641 festo
739 2601 963 2652 paschatis
996 2600 1233 2639 secundam
1274 2599 1524 2639 studiorum
1561 2598 1894 2638 renouationem

276 2667 569 2715 instituimus,
602 2667 647 2706 in
677 2679 765 2718 qua
794 2678 818 2705 a
850 2665 1065 2717 principio
1095 2676 1146 2704 ea
1176 2664 1326 2703 omnia
1364 2664 1409 2702 in
1448 2663 1640 2714 singulis
1677 2661 1896 2702 classibus

277 2732 447 2770 tradere
477 2731 717 2782 coepimus,
749 2742 834 2782 que
854 2730 908 2769 ad
934 2729 1200 2769 curriculum
1233 2728 1393 2767 artium
1425 2727 1720 2767 emetiendum
1752 2737 1897 2765 neces-

338 2903 354 2921 a
375 2895 543 2935 publicae
583 2904 650 2926 ms.
676 2913 714 2916 —
739 2894 756 2920 b
774 2903 815 2926 ac
839 2902 963 2934 snpra
1001 2901 1116 2927 vera,
1142 2891 1261 2922 deleto
1291 2892 1347 2922 ad.

342 3052 347 3067 ¹
376 3049 466 3080 Vide
490 3059 523 3089 p.
551 3050 620 3087 165,
646 3049 772 3080 annot.
797 3049 816 3079 3
