<?xml version="1.0" encoding="UTF-8"?>
<!DOCTYPE html PUBLIC "-//W3C//DTD XHTML 1.0 Transitional//EN"
    "http://www.w3.org/TR/xhtml1/DTD/xhtml1-transitional.dtd">
<html xmlns="http://www.w3.org/1999/xhtml" xml:lang="en" lang="en">
 <head>
  <title>
</title>
<meta http-equiv="Content-Type" content="text/html;charset=utf-8" />
  <meta name='ocr-system' content='tesseract 3.04.00' />
  <meta name='ocr-capabilities' content='ocr_page ocr_carea ocr_par ocr_line ocrx_word'/>
</head>
<body>
  <div class='ocr_page' id='page_1' title='image "./litteraequadrime1907lain_0015.png"; bbox 0 0 2028 3531; ppageno 0'>
   <div class='ocr_carea' id='block_1_1' title="bbox 654 498 1133 541">
    <p class='ocr_par' dir='ltr' id='par_1_1' title="bbox 654 498 1133 541">
     <span class='ocr_line' id='line_1_1' title="bbox 654 498 1133 541; baseline -0.008 0"><span class='ocrx_word' id='word_1_1' title='bbox 654 499 858 541; x_wconf 78' lang='lat' dir='ltr'>BREVIS</span> <span class='ocrx_word' id='word_1_2' title='bbox 898 498 1133 539; x_wconf 87' lang='lat' dir='ltr'><strong>NOTITIA</strong></span> 
     </span>
    </p>
   </div>
   <div class='ocr_carea' id='block_1_2' title="bbox 391 608 1406 645">
    <p class='ocr_par' dir='ltr' id='par_1_2' title="bbox 391 608 1406 645">
     <span class='ocr_line' id='line_1_2' title="bbox 391 608 1406 645; baseline -0.01 -2"><span class='ocrx_word' id='word_1_3' title='bbox 391 615 565 643; x_wconf 89' lang='lat' dir='ltr'>CODICUM</span> <span class='ocrx_word' id='word_1_4' title='bbox 592 611 740 645; x_wconf 83' lang='lat' dir='ltr'>QUIBUS</span> <span class='ocrx_word' id='word_1_5' title='bbox 766 611 806 635; x_wconf 85' lang='lat' dir='ltr'>IN</span> <span class='ocrx_word' id='word_1_6' title='bbox 834 610 912 635; x_wconf 91' lang='lat' dir='ltr'>HOC</span> <span class='ocrx_word' id='word_1_7' title='bbox 943 609 1152 635; x_wconf 83' lang='lat' dir='ltr'>VOLUMINE</span> <span class='ocrx_word' id='word_1_8' title='bbox 1180 608 1245 634; x_wconf 88' lang='lat' dir='ltr'>USI</span> <span class='ocrx_word' id='word_1_9' title='bbox 1272 608 1406 634; x_wconf 86' lang='lat' dir='ltr'>SUMUS</span> 
     </span>
    </p>
   </div>
   <div class='ocr_carea' id='block_1_3' title="bbox 81 823 1716 2673">
    <p class='ocr_par' dir='ltr' id='par_1_3' title="bbox 87 823 1716 944">
     <span class='ocr_line' id='line_1_3' title="bbox 192 823 1716 884; baseline -0.009 -9"><span class='ocrx_word' id='word_1_10' title='bbox 192 832 404 884; x_wconf 80' lang='lat' dir='ltr'>Aquitan.</span> <span class='ocrx_word' id='word_1_11' title='bbox 433 829 474 871; x_wconf 87' lang='grc'>9.</span> <span class='ocrx_word' id='word_1_12' title='bbox 496 827 705 869; x_wconf 88' lang='lat' dir='ltr'>Collectio</span> <span class='ocrx_word' id='word_1_13' title='bbox 726 827 1031 877; x_wconf 77' lang='lat' dir='ltr'>catalogorum</span> <span class='ocrx_word' id='word_1_14' title='bbox 1053 824 1264 876; x_wconf 87' lang='lat' dir='ltr'>antiquae</span> <span class='ocrx_word' id='word_1_15' title='bbox 1292 823 1546 875; x_wconf 80' lang='lat' dir='ltr'>provinciae</span> <span class='ocrx_word' id='word_1_16' title='bbox 1578 823 1716 874; x_wconf 88' lang='lat' dir='ltr'>Aqui-</span> 
     </span>
     <span class='ocr_line' id='line_1_4' title="bbox 87 898 870 944; baseline -0.011 1"><span class='ocrx_word' id='word_1_17' title='bbox 87 905 233 944; x_wconf 83' lang='lat' dir='ltr'>taniae</span> <span class='ocrx_word' id='word_1_18' title='bbox 263 904 357 944; x_wconf 86' lang='lat' dir='ltr'>Soc.</span> <span class='ocrx_word' id='word_1_19' title='bbox 391 902 487 941; x_wconf 85' lang='lat' dir='ltr'>[esu</span> <span class='ocrx_word' id='word_1_20' title='bbox 518 900 572 938; x_wconf 86' lang='lat' dir='ltr'>ab</span> <span class='ocrx_word' id='word_1_21' title='bbox 602 910 722 938; x_wconf 87' lang='lat' dir='ltr'>anno</span> <span class='ocrx_word' id='word_1_22' title='bbox 754 898 870 937; x_wconf 85' lang='grc'><strong>1566.</strong></span> 
     </span>
    </p>

    <p class='ocr_par' dir='ltr' id='par_1_4' title="bbox 193 966 1713 1025">
     <span class='ocr_line' id='line_1_5' title="bbox 193 966 1713 1025; baseline -0.008 -8"><span class='ocrx_word' id='word_1_23' title='bbox 193 976 392 1025; x_wconf 80' lang='lat' dir='ltr'>Aragon.</span> <span class='ocrx_word' id='word_1_24' title='bbox 425 971 487 1012; x_wconf 90' lang='grc'>15.</span> <span class='ocrx_word' id='word_1_25' title='bbox 519 970 718 1021; x_wconf 88' lang='lat' dir='ltr'>Catalogi</span> <span class='ocrx_word' id='word_1_26' title='bbox 751 969 1003 1020; x_wconf 85' lang='lat' dir='ltr'>Aragoniae</span> <span class='ocrx_word' id='word_1_27' title='bbox 1033 970 1089 1008; x_wconf 89' lang='lat' dir='ltr'>ab</span> <span class='ocrx_word' id='word_1_28' title='bbox 1119 968 1230 1019; x_wconf 90' lang='lat' dir='ltr'>ipsis</span> <span class='ocrx_word' id='word_1_29' title='bbox 1274 967 1528 1018; x_wconf 82' lang='lat' dir='ltr'>provinciae</span> <span class='ocrx_word' id='word_1_30' title='bbox 1559 966 1713 1006; x_wconf 86' lang='lat' dir='ltr'>initiis.</span> 
     </span>
    </p>

    <p class='ocr_par' dir='ltr' id='par_1_5' title="bbox 87 1038 1712 1171">
     <span class='ocr_line' id='line_1_6' title="bbox 191 1038 1712 1092; baseline -0.007 -5"><span class='ocrx_word' id='word_1_31' title='bbox 191 1044 373 1087; x_wconf 83' lang='lat' dir='ltr'>Austria</span> <span class='ocrx_word' id='word_1_32' title='bbox 404 1042 492 1083; x_wconf 90' lang='grc'><strong>122.</strong></span> <span class='ocrx_word' id='word_1_33' title='bbox 524 1042 731 1082; x_wconf 80' lang='lat' dir='ltr'>Continet</span> <span class='ocrx_word' id='word_1_34' title='bbox 759 1041 987 1091; x_wconf 77' lang='lat' dir='ltr'>catalogos</span> <span class='ocrx_word' id='word_1_35' title='bbox 1015 1040 1304 1092; x_wconf 87' lang='lat' dir='ltr'>collegiorum</span> <span class='ocrx_word' id='word_1_36' title='bbox 1328 1038 1536 1078; x_wconf 80' lang='lat' dir='ltr'>Austriae</span> <span class='ocrx_word' id='word_1_37' title='bbox 1566 1040 1607 1077; x_wconf 89' lang='lat' dir='ltr'>et</span> <span class='ocrx_word' id='word_1_38' title='bbox 1637 1038 1712 1077; x_wconf 84' lang='lat' dir='ltr'>ali—</span> 
     </span>
     <span class='ocr_line' id='line_1_7' title="bbox 87 1112 1083 1171; baseline -0.009 -11"><span class='ocrx_word' id='word_1_39' title='bbox 87 1131 199 1171; x_wconf 84' lang='lat' dir='ltr'>quos</span> <span class='ocrx_word' id='word_1_40' title='bbox 227 1115 398 1167; x_wconf 86' lang='lat' dir='ltr'>collegii</span> <span class='ocrx_word' id='word_1_41' title='bbox 429 1113 660 1165; x_wconf 77' lang='lat' dir='ltr'>pragensis</span> <span class='ocrx_word' id='word_1_42' title='bbox 696 1115 735 1153; x_wconf 88' lang='lat' dir='ltr'>et</span> <span class='ocrx_word' id='word_1_43' title='bbox 768 1112 1083 1164; x_wconf 70' lang='lat' dir='ltr'>tyrnaviensis.</span> 
     </span>
    </p>

    <p class='ocr_par' dir='ltr' id='par_1_6' title="bbox 193 1182 1577 1235">
     <span class='ocr_line' id='line_1_8' title="bbox 193 1182 1577 1235; baseline -0.006 -6"><span class='ocrx_word' id='word_1_44' title='bbox 193 1188 378 1229; x_wconf 87' lang='lat' dir='ltr'>Bohem.</span> <span class='ocrx_word' id='word_1_45' title='bbox 407 1185 476 1227; x_wconf 86' lang='lat'>89.</span> <span class='ocrx_word' id='word_1_46' title='bbox 508 1185 715 1226; x_wconf 77' lang='lat' dir='ltr'>Continet</span> <span class='ocrx_word' id='word_1_47' title='bbox 744 1185 970 1235; x_wconf 78' lang='lat' dir='ltr'>catalogos</span> <span class='ocrx_word' id='word_1_48' title='bbox 1001 1184 1290 1235; x_wconf 87' lang='lat' dir='ltr'>collegiorum</span> <span class='ocrx_word' id='word_1_49' title='bbox 1323 1182 1577 1222; x_wconf 88' lang='lat' dir='ltr'>Bohemiae.</span> 
     </span>
    </p>

    <p class='ocr_par' dir='ltr' id='par_1_7' title="bbox 86 1252 1716 1372">
     <span class='ocr_line' id='line_1_9' title="bbox 192 1252 1716 1309; baseline -0.006 -9"><span class='ocrx_word' id='word_1_50' title='bbox 192 1259 313 1300; x_wconf 84' lang='lat' dir='ltr'>Cast.</span> <span class='ocrx_word' id='word_1_51' title='bbox 348 1257 410 1299; x_wconf 84' lang='lat'>13.</span> <span class='ocrx_word' id='word_1_52' title='bbox 443 1257 642 1309; x_wconf 85' lang='lat' dir='ltr'>Catalogi</span> <span class='ocrx_word' id='word_1_53' title='bbox 672 1257 960 1307; x_wconf 82' lang='lat' dir='ltr'>collegiorum</span> <span class='ocrx_word' id='word_1_54' title='bbox 1011 1255 1266 1306; x_wconf 71' lang='lat' dir='ltr'>provinciae</span> <span class='ocrx_word' id='word_1_55' title='bbox 1296 1253 1514 1294; x_wconf 88' lang='lat' dir='ltr'>Castellae</span> <span class='ocrx_word' id='word_1_56' title='bbox 1544 1252 1716 1292; x_wconf 76' lang='lat' dir='ltr'>Veteris</span> 
     </span>
     <span class='ocr_line' id='line_1_10' title="bbox 86 1330 601 1372; baseline -0.006 0"><span class='ocrx_word' id='word_1_57' title='bbox 86 1333 139 1372; x_wconf 90' lang='lat' dir='ltr'>ad</span> <span class='ocrx_word' id='word_1_58' title='bbox 168 1343 334 1371; x_wconf 90' lang='lat' dir='ltr'>annum</span> <span class='ocrx_word' id='word_1_59' title='bbox 365 1330 453 1369; x_wconf 81' lang='lat' dir='ltr'>fere</span> <span class='ocrx_word' id='word_1_60' title='bbox 485 1330 601 1369; x_wconf 87' lang='grc'><strong>1577.</strong></span> 
     </span>
    </p>

    <p class='ocr_par' dir='ltr' id='par_1_8' title="bbox 190 1400 1207 1453">
     <span class='ocr_line' id='line_1_11' title="bbox 190 1400 1207 1453; baseline -0.005 -10"><span class='ocrx_word' id='word_1_61' title='bbox 190 1401 347 1453; x_wconf 86' lang='lat' dir='ltr'>Comp.</span> <span class='ocrx_word' id='word_1_62' title='bbox 381 1400 549 1442; x_wconf 86' lang='lat' dir='ltr'>Chron.</span> <span class='ocrx_word' id='word_1_63' title='bbox 581 1400 632 1441; x_wconf 90' lang='grc' dir='ltr'>Ρ.</span> <span class='ocrx_word' id='word_1_64' title='bbox 665 1400 857 1449; x_wconf 85' lang='lat' dir='ltr'>Araldi.,</span> <span class='ocrx_word' id='word_1_65' title='bbox 891 1413 930 1440; x_wconf 82' lang='lat' dir='ltr'>v.</span> <span class='ocrx_word' id='word_1_66' title='bbox 962 1404 1101 1448; x_wconf 80' lang='lat' dir='ltr'>Neap.</span> <span class='ocrx_word' id='word_1_67' title='bbox 1134 1404 1207 1438; x_wconf 88' lang='lat'>¹72.</span> 
     </span>
    </p>

    <p class='ocr_par' dir='ltr' id='par_1_9' title="bbox 188 1470 1328 1525">
     <span class='ocr_line' id='line_1_12' title="bbox 188 1470 1328 1525; baseline -0.004 -11"><span class='ocrx_word' id='word_1_68' title='bbox 188 1472 300 1525; x_wconf 87' lang='lat' dir='ltr'>Epp.</span> <span class='ocrx_word' id='word_1_69' title='bbox 331 1471 425 1513; x_wconf 92' lang='lat' dir='ltr'>NN.</span> <span class='ocrx_word' id='word_1_70' title='bbox 460 1472 547 1513; x_wconf 89' lang='grc'><strong>103.</strong></span> <span class='ocrx_word' id='word_1_71' title='bbox 581 1472 718 1523; x_wconf 86' lang='lat' dir='ltr'>Epist.</span> <span class='ocrx_word' id='word_1_72' title='bbox 752 1472 801 1512; x_wconf 87' lang='grc' dir='ltr'>Β.</span> <span class='ocrx_word' id='word_1_73' title='bbox 835 1471 996 1523; x_wconf 88' lang='lat' dir='ltr'>Ignatii</span> <span class='ocrx_word' id='word_1_74' title='bbox 1029 1471 1081 1510; x_wconf 89' lang='lat' dir='ltr'>de</span> <span class='ocrx_word' id='word_1_75' title='bbox 1112 1470 1328 1510; x_wconf 71' lang='lat' dir='ltr'>Azevedo.</span> 
     </span>
    </p>

    <p class='ocr_par' dir='ltr' id='par_1_10' title="bbox 81 1532 1716 1661">
     <span class='ocr_line' id='line_1_13' title="bbox 187 1532 1716 1595; baseline -0.005 -10"><span class='ocrx_word' id='word_1_76' title='bbox 187 1544 302 1585; x_wconf 84' lang='lat' dir='ltr'>Gall.</span> <span class='ocrx_word' id='word_1_77' title='bbox 331 1544 397 1585; x_wconf 83' lang='lat'>53.</span> <span class='ocrx_word' id='word_1_78' title='bbox 422 1544 629 1585; x_wconf 84' lang='lat' dir='ltr'>Continet</span> <span class='ocrx_word' id='word_1_79' title='bbox 649 1544 777 1595; x_wconf 86' lang='lat' dir='ltr'>epist.</span> <span class='ocrx_word' id='word_1_80' title='bbox 801 1532 1149 1595; x_wconf 76' lang='lat' dir='ltr'>quadrimestres</span> <span class='ocrx_word' id='word_1_81' title='bbox 1178 1544 1219 1581; x_wconf 87' lang='lat' dir='ltr'>et</span> <span class='ocrx_word' id='word_1_82' title='bbox 1244 1553 1420 1581; x_wconf 84' lang='lat' dir='ltr'>annuas</span> <span class='ocrx_word' id='word_1_83' title='bbox 1441 1552 1494 1580; x_wconf 82' lang='lat' dir='ltr'>ex</span> <span class='ocrx_word' id='word_1_84' title='bbox 1514 1539 1716 1590; x_wconf 85' lang='lat' dir='ltr'>collegiis</span> 
     </span>
     <span class='ocr_line' id='line_1_14' title="bbox 81 1611 1712 1661; baseline -0.004 -5"><span class='ocrx_word' id='word_1_85' title='bbox 81 1617 251 1657; x_wconf 89' lang='lat' dir='ltr'>Galliae</span> <span class='ocrx_word' id='word_1_86' title='bbox 281 1616 466 1655; x_wconf 83' lang='lat' dir='ltr'>Romam</span> <span class='ocrx_word' id='word_1_87' title='bbox 499 1616 659 1655; x_wconf 87' lang='lat' dir='ltr'>missas</span> <span class='ocrx_word' id='word_1_88' title='bbox 689 1616 744 1655; x_wconf 88' lang='lat' dir='ltr'>ab</span> <span class='ocrx_word' id='word_1_89' title='bbox 765 1627 884 1654; x_wconf 90' lang='lat' dir='ltr'>anno</span> <span class='ocrx_word' id='word_1_90' title='bbox 907 1615 1023 1654; x_wconf 83' lang='grc'><strong>1557.</strong></span> <span class='ocrx_word' id='word_1_91' title='bbox 1049 1613 1113 1654; x_wconf 88' lang='lat' dir='ltr'>Cf.</span> <span class='ocrx_word' id='word_1_92' title='bbox 1142 1615 1250 1654; x_wconf 66' lang='lat' dir='ltr'>Litt.</span> <span class='ocrx_word' id='word_1_93' title='bbox 1288 1614 1519 1661; x_wconf 55' lang='lat' dir='ltr'>Quadi-im.</span> <span class='ocrx_word' id='word_1_94' title='bbox 1546 1612 1597 1659; x_wconf 72' lang='lat' dir='ltr'>V,</span> <span class='ocrx_word' id='word_1_95' title='bbox 1619 1611 1712 1650; x_wconf 81' lang='grc'><strong>967.</strong></span> 
     </span>
    </p>

    <p class='ocr_par' dir='ltr' id='par_1_11' title="bbox 188 1684 1714 1739">
     <span class='ocr_line' id='line_1_15' title="bbox 188 1684 1714 1739; baseline -0.005 -10"><span class='ocrx_word' id='word_1_96' title='bbox 188 1688 305 1729; x_wconf 86' lang='lat' dir='ltr'>Gall.</span> <span class='ocrx_word' id='word_1_97' title='bbox 335 1687 402 1729; x_wconf 87' lang='lat'>79.</span> <span class='ocrx_word' id='word_1_98' title='bbox 434 1688 572 1739; x_wconf 80' lang='lat' dir='ltr'>Epist.</span> <span class='ocrx_word' id='word_1_99' title='bbox 605 1700 657 1727; x_wconf 79' lang='lat' dir='ltr'>ex</span> <span class='ocrx_word' id='word_1_100' title='bbox 687 1687 834 1733; x_wconf 85' lang='lat' dir='ltr'>Gallia</span> <span class='ocrx_word' id='word_1_101' title='bbox 864 1687 909 1726; x_wconf 88' lang='lat' dir='ltr'>in</span> <span class='ocrx_word' id='word_1_102' title='bbox 942 1687 1105 1727; x_wconf 87' lang='lat' dir='ltr'>Urbem</span> <span class='ocrx_word' id='word_1_103' title='bbox 1129 1686 1290 1725; x_wconf 84' lang='lat' dir='ltr'>missae</span> <span class='ocrx_word' id='word_1_104' title='bbox 1321 1685 1452 1724; x_wconf 84' lang='lat' dir='ltr'>annis</span> <span class='ocrx_word' id='word_1_105' title='bbox 1475 1684 1714 1723; x_wconf 88' lang='grc'><strong>1557-1561.</strong></span> 
     </span>
    </p>

    <p class='ocr_par' dir='ltr' id='par_1_12' title="bbox 82 1755 1715 1883">
     <span class='ocr_line' id='line_1_16' title="bbox 188 1755 1715 1811; baseline -0.005 -10"><span class='ocrx_word' id='word_1_106' title='bbox 188 1760 339 1801; x_wconf 87' lang='lat' dir='ltr'>Germ.</span> <span class='ocrx_word' id='word_1_107' title='bbox 374 1759 464 1801; x_wconf 86' lang='grc'><strong>131.</strong></span> <span class='ocrx_word' id='word_1_108' title='bbox 495 1759 695 1811; x_wconf 86' lang='lat' dir='ltr'>Catalogi</span> <span class='ocrx_word' id='word_1_109' title='bbox 725 1759 1015 1810; x_wconf 86' lang='lat' dir='ltr'>collegiorum</span> <span class='ocrx_word' id='word_1_110' title='bbox 1064 1756 1344 1805; x_wconf 74' lang='lat' dir='ltr'>Germaniae,</span> <span class='ocrx_word' id='word_1_111' title='bbox 1378 1755 1601 1803; x_wconf 75' lang='lat' dir='ltr'>Austriae,</span> <span class='ocrx_word' id='word_1_112' title='bbox 1635 1756 1715 1795; x_wconf 88' lang='lat' dir='ltr'>Bo-</span> 
     </span>
     <span class='ocr_line' id='line_1_17' title="bbox 82 1830 1105 1883; baseline -0.004 -11"><span class='ocrx_word' id='word_1_113' title='bbox 82 1832 253 1872; x_wconf 86' lang='lat' dir='ltr'>hemiae</span> <span class='ocrx_word' id='word_1_114' title='bbox 283 1833 338 1871; x_wconf 89' lang='lat' dir='ltr'>ab</span> <span class='ocrx_word' id='word_1_115' title='bbox 368 1832 479 1883; x_wconf 91' lang='lat' dir='ltr'>ipsis</span> <span class='ocrx_word' id='word_1_116' title='bbox 513 1831 803 1883; x_wconf 86' lang='lat' dir='ltr'>collegiorum</span> <span class='ocrx_word' id='word_1_117' title='bbox 834 1830 1105 1881; x_wconf 83' lang='lat' dir='ltr'>primordiis.</span> 
     </span>
    </p>

    <p class='ocr_par' dir='ltr' id='par_1_13' title="bbox 82 1900 1716 2023">
     <span class='ocr_line' id='line_1_18' title="bbox 187 1900 1716 1954; baseline -0.005 -9"><span class='ocrx_word' id='word_1_118' title='bbox 187 1903 339 1945; x_wconf 87' lang='lat' dir='ltr'>Germ.</span> <span class='ocrx_word' id='word_1_119' title='bbox 374 1903 463 1945; x_wconf 85' lang='lat'>139.</span> <span class='ocrx_word' id='word_1_120' title='bbox 495 1903 703 1944; x_wconf 83' lang='lat' dir='ltr'>Continet</span> <span class='ocrx_word' id='word_1_121' title='bbox 732 1903 860 1954; x_wconf 88' lang='lat' dir='ltr'>epist.</span> <span class='ocrx_word' id='word_1_122' title='bbox 889 1902 1237 1954; x_wconf 87' lang='lat' dir='ltr'>quadrimestres</span> <span class='ocrx_word' id='word_1_123' title='bbox 1276 1913 1328 1940; x_wconf 86' lang='lat' dir='ltr'>ex</span> <span class='ocrx_word' id='word_1_124' title='bbox 1363 1900 1601 1941; x_wconf 86' lang='lat' dir='ltr'>Germania</span> <span class='ocrx_word' id='word_1_125' title='bbox 1632 1900 1716 1939; x_wconf 90' lang='lat' dir='ltr'>Ro-</span> 
     </span>
     <span class='ocr_line' id='line_1_19' title="bbox 82 1974 975 2023; baseline -0.003 -7"><span class='ocrx_word' id='word_1_126' title='bbox 82 1989 197 2016; x_wconf 89' lang='lat' dir='ltr'>mam</span> <span class='ocrx_word' id='word_1_127' title='bbox 230 1976 389 2016; x_wconf 86' lang='lat' dir='ltr'>missas</span> <span class='ocrx_word' id='word_1_128' title='bbox 418 1976 551 2015; x_wconf 87' lang='lat' dir='ltr'>annis</span> <span class='ocrx_word' id='word_1_129' title='bbox 581 1976 699 2023; x_wconf 69' lang='lat'>1558,</span> <span class='ocrx_word' id='word_1_130' title='bbox 734 1974 975 2014; x_wconf 86' lang='grc'><strong>1560-1565.</strong></span> 
     </span>
    </p>

    <p class='ocr_par' dir='ltr' id='par_1_14' title="bbox 83 2044 1716 2161">
     <span class='ocr_line' id='line_1_20' title="bbox 187 2044 1716 2098; baseline -0.005 -9"><span class='ocrx_word' id='word_1_131' title='bbox 187 2047 339 2089; x_wconf 88' lang='lat' dir='ltr'>Germ.</span> <span class='ocrx_word' id='word_1_132' title='bbox 374 2047 463 2088; x_wconf 87' lang='grc'><strong>142.</strong></span> <span class='ocrx_word' id='word_1_133' title='bbox 495 2047 633 2098; x_wconf 86' lang='lat' dir='ltr'>Epist.</span> <span class='ocrx_word' id='word_1_134' title='bbox 666 2059 719 2087; x_wconf 80' lang='lat' dir='ltr'>ex</span> <span class='ocrx_word' id='word_1_135' title='bbox 748 2046 987 2087; x_wconf 85' lang='lat' dir='ltr'>Germania</span> <span class='ocrx_word' id='word_1_136' title='bbox 1036 2045 1081 2084; x_wconf 94' lang='lat' dir='ltr'>in</span> <span class='ocrx_word' id='word_1_137' title='bbox 1121 2044 1284 2085; x_wconf 84' lang='lat' dir='ltr'>Urbem</span> <span class='ocrx_word' id='word_1_138' title='bbox 1318 2045 1480 2084; x_wconf 87' lang='lat' dir='ltr'>missae</span> <span class='ocrx_word' id='word_1_139' title='bbox 1511 2044 1566 2083; x_wconf 88' lang='lat' dir='ltr'>ab</span> <span class='ocrx_word' id='word_1_140' title='bbox 1597 2055 1716 2083; x_wconf 91' lang='lat' dir='ltr'>anno</span> 
     </span>
     <span class='ocr_line' id='line_1_21' title="bbox 83 2119 882 2161; baseline -0.003 -1"><span class='ocrx_word' id='word_1_141' title='bbox 83 2122 184 2161; x_wconf 89' lang='grc'><strong>1556</strong></span> <span class='ocrx_word' id='word_1_142' title='bbox 214 2121 267 2159; x_wconf 87' lang='lat' dir='ltr'>ad</span> <span class='ocrx_word' id='word_1_143' title='bbox 300 2132 492 2159; x_wconf 91' lang='lat' dir='ltr'>mensem</span> <span class='ocrx_word' id='word_1_144' title='bbox 526 2119 733 2159; x_wconf 87' lang='lat' dir='ltr'>Martium</span> <span class='ocrx_word' id='word_1_145' title='bbox 766 2119 882 2159; x_wconf 88' lang='grc'><strong>1561.</strong></span> 
     </span>
    </p>

    <p class='ocr_par' dir='ltr' id='par_1_15' title="bbox 81 2187 1716 2304">
     <span class='ocr_line' id='line_1_22' title="bbox 187 2187 1716 2242; baseline -0.004 -10"><span class='ocrx_word' id='word_1_146' title='bbox 187 2191 339 2233; x_wconf 82' lang='lat' dir='ltr'>Germ.</span> <span class='ocrx_word' id='word_1_147' title='bbox 374 2191 464 2232; x_wconf 88' lang='grc'><strong>143.</strong></span> <span class='ocrx_word' id='word_1_148' title='bbox 500 2191 706 2232; x_wconf 85' lang='lat' dir='ltr'>Continet</span> <span class='ocrx_word' id='word_1_149' title='bbox 745 2191 940 2242; x_wconf 86' lang='lat' dir='ltr'>reliquas</span> <span class='ocrx_word' id='word_1_150' title='bbox 988 2190 1115 2242; x_wconf 86' lang='lat' dir='ltr'>epist.</span> <span class='ocrx_word' id='word_1_151' title='bbox 1166 2202 1219 2230; x_wconf 80' lang='lat' dir='ltr'>ex</span> <span class='ocrx_word' id='word_1_152' title='bbox 1267 2189 1506 2229; x_wconf 88' lang='lat' dir='ltr'>Germania</span> <span class='ocrx_word' id='word_1_153' title='bbox 1556 2187 1716 2227; x_wconf 88' lang='lat' dir='ltr'>missas</span> 
     </span>
     <span class='ocr_line' id='line_1_23' title="bbox 81 2265 345 2304; baseline -0.004 0"><span class='ocrx_word' id='word_1_154' title='bbox 81 2277 198 2304; x_wconf 90' lang='lat' dir='ltr'>anno</span> <span class='ocrx_word' id='word_1_155' title='bbox 231 2265 345 2303; x_wconf 90' lang='grc'><strong>1561.</strong></span> 
     </span>
    </p>

    <p class='ocr_par' dir='ltr' id='par_1_16' title="bbox 82 2332 1715 2448">
     <span class='ocr_line' id='line_1_24' title="bbox 187 2332 1715 2386; baseline -0.003 -10"><span class='ocrx_word' id='word_1_156' title='bbox 187 2335 338 2377; x_wconf 89' lang='lat' dir='ltr'>Germ.</span> <span class='ocrx_word' id='word_1_157' title='bbox 374 2335 462 2376; x_wconf 84' lang='lat'>144.</span> <span class='ocrx_word' id='word_1_158' title='bbox 496 2335 634 2386; x_wconf 87' lang='lat' dir='ltr'>Epist.</span> <span class='ocrx_word' id='word_1_159' title='bbox 667 2347 720 2374; x_wconf 87' lang='lat' dir='ltr'>ex</span> <span class='ocrx_word' id='word_1_160' title='bbox 749 2335 952 2386; x_wconf 82' lang='lat' dir='ltr'>collegiis</span> <span class='ocrx_word' id='word_1_161' title='bbox 999 2334 1280 2381; x_wconf 79' lang='lat' dir='ltr'>Germaniae.</span> <span class='ocrx_word' id='word_1_162' title='bbox 1314 2333 1537 2379; x_wconf 78' lang='lat' dir='ltr'>Austriae.</span> <span class='ocrx_word' id='word_1_163' title='bbox 1572 2332 1715 2371; x_wconf 88' lang='lat' dir='ltr'>Bohe-</span> 
     </span>
     <span class='ocr_line' id='line_1_25' title="bbox 82 2406 1095 2448; baseline -0.003 0"><span class='ocrx_word' id='word_1_164' title='bbox 82 2408 195 2448; x_wconf 87' lang='lat' dir='ltr'>miae</span> <span class='ocrx_word' id='word_1_165' title='bbox 224 2407 271 2447; x_wconf 90' lang='lat' dir='ltr'>in</span> <span class='ocrx_word' id='word_1_166' title='bbox 302 2407 465 2448; x_wconf 88' lang='lat' dir='ltr'>Urbem</span> <span class='ocrx_word' id='word_1_167' title='bbox 496 2407 658 2447; x_wconf 88' lang='lat' dir='ltr'>missae</span> <span class='ocrx_word' id='word_1_168' title='bbox 688 2406 821 2446; x_wconf 91' lang='lat' dir='ltr'>annis</span> <span class='ocrx_word' id='word_1_169' title='bbox 852 2406 1095 2446; x_wconf 67' lang='grc'><strong>1569-1563.</strong></span> 
     </span>
    </p>

    <p class='ocr_par' dir='ltr' id='par_1_17' title="bbox 83 2475 1715 2590">
     <span class='ocr_line' id='line_1_26' title="bbox 187 2475 1715 2531; baseline -0.004 -11"><span class='ocrx_word' id='word_1_170' title='bbox 187 2478 315 2531; x_wconf 86' lang='lat' dir='ltr'>Hisp.</span> <span class='ocrx_word' id='word_1_171' title='bbox 350 2478 416 2519; x_wconf 85' lang='lat'>96.</span> <span class='ocrx_word' id='word_1_172' title='bbox 451 2479 588 2530; x_wconf 90' lang='lat' dir='ltr'>Epist.</span> <span class='ocrx_word' id='word_1_173' title='bbox 612 2491 664 2519; x_wconf 81' lang='lat' dir='ltr'>ex</span> <span class='ocrx_word' id='word_1_174' title='bbox 689 2479 892 2530; x_wconf 87' lang='lat' dir='ltr'>collegiis</span> <span class='ocrx_word' id='word_1_175' title='bbox 914 2478 1158 2529; x_wconf 89' lang='lat' dir='ltr'>Hispaniae</span> <span class='ocrx_word' id='word_1_176' title='bbox 1180 2478 1367 2517; x_wconf 85' lang='lat' dir='ltr'>Romam</span> <span class='ocrx_word' id='word_1_177' title='bbox 1399 2477 1561 2516; x_wconf 89' lang='lat' dir='ltr'>missae</span> <span class='ocrx_word' id='word_1_178' title='bbox 1583 2475 1715 2514; x_wconf 87' lang='lat' dir='ltr'>annis</span> 
     </span>
     <span class='ocr_line' id='line_1_27' title="bbox 83 2551 322 2590; baseline -0.004 0"><span class='ocrx_word' id='word_1_179' title='bbox 83 2551 322 2590; x_wconf 82' lang='grc'><strong>1558-1559.</strong></span> 
     </span>
    </p>

    <p class='ocr_par' dir='ltr' id='par_1_18' title="bbox 187 2618 1711 2673">
     <span class='ocr_line' id='line_1_28' title="bbox 187 2618 1711 2673; baseline -0.003 -11"><span class='ocrx_word' id='word_1_180' title='bbox 187 2621 314 2673; x_wconf 85' lang='lat' dir='ltr'>Hisp.</span> <span class='ocrx_word' id='word_1_181' title='bbox 337 2620 403 2662; x_wconf 92' lang='lat'>97.</span> <span class='ocrx_word' id='word_1_182' title='bbox 423 2621 561 2672; x_wconf 88' lang='lat' dir='ltr'>Epist.</span> <span class='ocrx_word' id='word_1_183' title='bbox 585 2633 637 2661; x_wconf 89' lang='lat' dir='ltr'>ex</span> <span class='ocrx_word' id='word_1_184' title='bbox 658 2621 815 2673; x_wconf 89' lang='lat' dir='ltr'>colleg.</span> <span class='ocrx_word' id='word_1_185' title='bbox 841 2621 1028 2672; x_wconf 87' lang='lat' dir='ltr'>Hispan.</span> <span class='ocrx_word' id='word_1_186' title='bbox 1050 2621 1238 2660; x_wconf 86' lang='lat' dir='ltr'>Romam</span> <span class='ocrx_word' id='word_1_187' title='bbox 1259 2619 1423 2659; x_wconf 85' lang='lat' dir='ltr'>missae</span> <span class='ocrx_word' id='word_1_188' title='bbox 1444 2618 1576 2658; x_wconf 87' lang='lat' dir='ltr'>annis</span> <span class='ocrx_word' id='word_1_189' title='bbox 1596 2618 1711 2658; x_wconf 89' lang='grc'><strong>1560.</strong></span> 
     </span>
    </p>
   </div>
   <div class='ocr_carea' id='block_1_4' title="bbox 188 2689 1713 2886">
    <p class='ocr_par' dir='ltr' id='par_1_19' title="bbox 188 2689 1713 2886">
     <span class='ocr_line' id='line_1_29' title="bbox 188 2689 1712 2744; baseline -0.008 -11"><span class='ocrx_word' id='word_1_190' title='bbox 188 2692 316 2744; x_wconf 73' lang='lat' dir='ltr'>Hisp.</span> <span class='ocrx_word' id='word_1_191' title='bbox 337 2691 404 2733; x_wconf 77' lang='grc'>98.</span> <span class='ocrx_word' id='word_1_192' title='bbox 477 2709 496 2728; x_wconf 85' lang='grc'>&gt;&gt;</span> <span class='ocrx_word' id='word_1_193' title='bbox 610 2710 629 2728; x_wconf 80' lang='grc'>&gt;&gt;</span> <span class='ocrx_word' id='word_1_194' title='bbox 747 2710 762 2725; x_wconf 88' lang='grc'>»</span> <span class='ocrx_word' id='word_1_195' title='bbox 931 2710 949 2727; x_wconf 85' lang='grc'>&gt;&gt;</span> <span class='ocrx_word' id='word_1_196' title='bbox 1144 2708 1162 2726; x_wconf 86' lang='grc'>&gt;&gt;</span> <span class='ocrx_word' id='word_1_197' title='bbox 1331 2707 1349 2725; x_wconf 86' lang='lat'>&gt;›</span> <span class='ocrx_word' id='word_1_198' title='bbox 1490 2706 1509 2725; x_wconf 88' lang='lat'>»</span> <span class='ocrx_word' id='word_1_199' title='bbox 1598 2689 1712 2728; x_wconf 59' lang='lat'>1562</span> 
     </span>
     <span class='ocr_line' id='line_1_30' title="bbox 188 2760 1713 2816; baseline -0.01 -12"><span class='ocrx_word' id='word_1_200' title='bbox 188 2763 316 2816; x_wconf 87' lang='lat' dir='ltr'>Hisp.</span> <span class='ocrx_word' id='word_1_201' title='bbox 338 2763 404 2804; x_wconf 84' lang='lat'>99.</span> <span class='ocrx_word' id='word_1_202' title='bbox 479 2781 498 2799; x_wconf 89' lang='lat'>»</span> <span class='ocrx_word' id='word_1_203' title='bbox 612 2781 630 2799; x_wconf 85' lang='lat'>»</span> <span class='ocrx_word' id='word_1_204' title='bbox 746 2781 764 2799; x_wconf 86' lang='grc'><em>»</em></span> <span class='ocrx_word' id='word_1_205' title='bbox 933 2782 951 2798; x_wconf 83' lang='grc'>»</span> <span class='ocrx_word' id='word_1_206' title='bbox 1148 2780 1165 2797; x_wconf 80' lang='grc'>»</span> <span class='ocrx_word' id='word_1_207' title='bbox 1335 2779 1353 2795; x_wconf 78' lang='grc'>»</span> <span class='ocrx_word' id='word_1_208' title='bbox 1495 2778 1514 2796; x_wconf 81' lang='grc'>»</span> <span class='ocrx_word' id='word_1_209' title='bbox 1598 2760 1713 2801; x_wconf 54' lang='lat'>1562</span> 
     </span>
     <span class='ocr_line' id='line_1_31' title="bbox 188 2832 1711 2886; baseline -0.003 -10"><span class='ocrx_word' id='word_1_210' title='bbox 188 2834 315 2886; x_wconf 67' lang='lat' dir='ltr'>Hisp.</span> <span class='ocrx_word' id='word_1_211' title='bbox 342 2833 430 2875; x_wconf 80' lang='lat'>101.</span> <span class='ocrx_word' id='word_1_212' title='bbox 478 2852 497 2870; x_wconf 88' lang='lat'>»</span> <span class='ocrx_word' id='word_1_213' title='bbox 611 2852 630 2870; x_wconf 88' lang='lat'>»</span> <span class='ocrx_word' id='word_1_214' title='bbox 744 2852 763 2870; x_wconf 85' lang='lat'>&gt;›</span> <span class='ocrx_word' id='word_1_215' title='bbox 931 2852 949 2870; x_wconf 88' lang='lat'>»</span> <span class='ocrx_word' id='word_1_216' title='bbox 1145 2853 1163 2869; x_wconf 90' lang='lat'>»</span> <span class='ocrx_word' id='word_1_217' title='bbox 1331 2851 1350 2868; x_wconf 85' lang='lat'>»</span> <span class='ocrx_word' id='word_1_218' title='bbox 1492 2850 1510 2867; x_wconf 87' lang='lat'>»</span> <span class='ocrx_word' id='word_1_219' title='bbox 1595 2832 1711 2871; x_wconf 72' lang='lat'>1564.</span> 
     </span>
    </p>
   </div>
   <div class='ocr_carea' id='block_1_5' title="bbox 82 2904 1715 3101">
    <p class='ocr_par' dir='ltr' id='par_1_20' title="bbox 82 2904 1715 3101">
     <span class='ocr_line' id='line_1_32' title="bbox 188 2904 1715 2958; baseline -0.002 -12"><span class='ocrx_word' id='word_1_220' title='bbox 188 2904 314 2958; x_wconf 84' lang='lat' dir='ltr'>Hisp.</span> <span class='ocrx_word' id='word_1_221' title='bbox 339 2905 428 2947; x_wconf 85' lang='lat'>102.</span> <span class='ocrx_word' id='word_1_222' title='bbox 459 2906 596 2957; x_wconf 88' lang='lat' dir='ltr'>Epist.</span> <span class='ocrx_word' id='word_1_223' title='bbox 629 2918 681 2946; x_wconf 82' lang='lat' dir='ltr'>ex</span> <span class='ocrx_word' id='word_1_224' title='bbox 711 2906 913 2957; x_wconf 86' lang='lat' dir='ltr'>collegiis</span> <span class='ocrx_word' id='word_1_225' title='bbox 944 2906 1187 2957; x_wconf 89' lang='lat' dir='ltr'>Hispaniae</span> <span class='ocrx_word' id='word_1_226' title='bbox 1227 2906 1413 2945; x_wconf 89' lang='lat' dir='ltr'>Romam</span> <span class='ocrx_word' id='word_1_227' title='bbox 1446 2905 1608 2944; x_wconf 87' lang='lat' dir='ltr'>missae</span> <span class='ocrx_word' id='word_1_228' title='bbox 1638 2915 1715 2943; x_wconf 90' lang='lat' dir='ltr'>an—</span> 
     </span>
     <span class='ocr_line' id='line_1_33' title="bbox 82 2976 427 3018; baseline 0.006 -3"><span class='ocrx_word' id='word_1_229' title='bbox 82 2976 153 3016; x_wconf 90' lang='lat' dir='ltr'>nis</span> <span class='ocrx_word' id='word_1_230' title='bbox 187 2977 427 3018; x_wconf 78' lang='lat'>1564-1565.</span> 
     </span>
     <span class='ocr_line' id='line_1_34' title="bbox 189 3046 1711 3101; baseline -0.001 -13"><span class='ocrx_word' id='word_1_231' title='bbox 189 3046 360 3089; x_wconf 88' lang='lat' dir='ltr'>Histor.</span> <span class='ocrx_word' id='word_1_232' title='bbox 393 3047 497 3090; x_wconf 90' lang='lat' dir='ltr'>Soc.</span> <span class='ocrx_word' id='word_1_233' title='bbox 529 3048 594 3089; x_wconf 88' lang='grc'>32.</span> <span class='ocrx_word' id='word_1_234' title='bbox 614 3050 726 3089; x_wconf 89' lang='lat' dir='ltr'>Vota</span> <span class='ocrx_word' id='word_1_235' title='bbox 748 3050 1048 3101; x_wconf 87' lang='lat' dir='ltr'>professorum</span> <span class='ocrx_word' id='word_1_236' title='bbox 1070 3051 1112 3089; x_wconf 90' lang='lat' dir='ltr'>et</span> <span class='ocrx_word' id='word_1_237' title='bbox 1132 3049 1440 3089; x_wconf 86' lang='lat' dir='ltr'>coadiutorum</span> <span class='ocrx_word' id='word_1_238' title='bbox 1467 3047 1711 3087; x_wconf 61' lang='lat'>1541-15702.</span> 
     </span>
    </p>
   </div>
  </div>
 </body>
</html>
