<?xml version="1.0" encoding="UTF-8"?>
<!DOCTYPE html PUBLIC "-//W3C//DTD XHTML 1.0 Transitional//EN"
    "http://www.w3.org/TR/xhtml1/DTD/xhtml1-transitional.dtd">
<html xmlns="http://www.w3.org/1999/xhtml" xml:lang="en" lang="en">
 <head>
  <title>
</title>
<meta http-equiv="Content-Type" content="text/html;charset=utf-8" />
  <meta name='ocr-system' content='tesseract 3.04.00' />
  <meta name='ocr-capabilities' content='ocr_page ocr_carea ocr_par ocr_line ocrx_word'/>
</head>
<body>
  <div class='ocr_page' id='page_1' title='image "./litteraequadrime1907lain_0526.png"; bbox 0 0 2028 3531; ppageno 0'>
   <div class='ocr_carea' id='block_1_1' title="bbox 346 281 1396 328">
    <p class='ocr_par' dir='ltr' id='par_1_1' title="bbox 346 281 1396 328">
     <span class='ocr_line' id='line_1_1' title="bbox 346 281 1396 328; baseline -0.004 -6"><span class='ocrx_word' id='word_1_1' title='bbox 346 281 416 318; x_wconf 83' lang='grc'>500</span> <span class='ocrx_word' id='word_1_2' title='bbox 821 283 1026 321; x_wconf 75' lang='lat' dir='ltr'><strong>LITTERAE</strong></span> <span class='ocrx_word' id='word_1_3' title='bbox 1053 285 1396 328; x_wconf 73' lang='lat' dir='ltr'>QUAanns&#39;rnns</span> 
     </span>
    </p>
   </div>
   <div class='ocr_carea' id='block_1_2' title="bbox 285 399 1917 2781">
    <p class='ocr_par' dir='ltr' id='par_1_2' title="bbox 297 399 1917 646">
     <span class='ocr_line' id='line_1_2' title="bbox 381 399 1917 448; baseline 0.001 -9"><span class='ocrx_word' id='word_1_4' title='bbox 381 400 443 440; x_wconf 87' lang='lat'>13.</span> <span class='ocrx_word' id='word_1_5' title='bbox 476 399 583 441; x_wconf 91' lang='lat' dir='ltr'>Cum</span> <span class='ocrx_word' id='word_1_6' title='bbox 619 400 1002 440; x_wconf 79' lang='lat' dir='ltr'>Reuerendissimo</span> <span class='ocrx_word' id='word_1_7' title='bbox 1040 401 1267 440; x_wconf 79' lang='lat' dir='ltr'>viennensi</span> <span class='ocrx_word' id='word_1_8' title='bbox 1299 403 1310 424; x_wconf 77' lang='lat'><em>²</em></span> <span class='ocrx_word' id='word_1_9' title='bbox 1342 412 1430 439; x_wconf 92' lang='lat' dir='ltr'>non</span> <span class='ocrx_word' id='word_1_10' title='bbox 1477 403 1662 448; x_wconf 87' lang='lat' dir='ltr'>vacaret,</span> <span class='ocrx_word' id='word_1_11' title='bbox 1694 403 1742 441; x_wconf 85' lang='lat' dir='ltr'>ut</span> <span class='ocrx_word' id='word_1_12' title='bbox 1788 403 1917 441; x_wconf 87' lang='lat' dir='ltr'>antea</span> 
     </span>
     <span class='ocr_line' id='line_1_3' title="bbox 297 465 1914 516; baseline 0.001 -11"><span class='ocrx_word' id='word_1_13' title='bbox 297 476 442 516; x_wconf 88' lang='lat' dir='ltr'>saepe,</span> <span class='ocrx_word' id='word_1_14' title='bbox 474 477 620 505; x_wconf 88' lang='lat' dir='ltr'>coram</span> <span class='ocrx_word' id='word_1_15' title='bbox 651 465 693 505; x_wconf 84' lang='lat' dir='ltr'>S.</span> <span class='ocrx_word' id='word_1_16' title='bbox 717 465 762 506; x_wconf 90' lang='lat' dir='ltr'>C.</span> <span class='ocrx_word' id='word_1_17' title='bbox 788 466 841 505; x_wconf 95' lang='lat' dir='ltr'>M.</span> <span class='ocrx_word' id='word_1_18' title='bbox 865 466 1128 513; x_wconf 86' lang='lat' dir='ltr'>contionari,</span> <span class='ocrx_word' id='word_1_19' title='bbox 1153 465 1284 504; x_wconf 89' lang='lat' dir='ltr'>iussit</span> <span class='ocrx_word' id='word_1_20' title='bbox 1303 477 1504 505; x_wconf 87' lang='lat' dir='ltr'>caesarea</span> <span class='ocrx_word' id='word_1_21' title='bbox 1527 466 1668 516; x_wconf 89' lang='lat' dir='ltr'>ipsius</span> <span class='ocrx_word' id='word_1_22' title='bbox 1694 467 1914 514; x_wconf 87' lang='lat' dir='ltr'>maiestas,</span> 
     </span>
     <span class='ocr_line' id='line_1_4' title="bbox 297 529 1916 581; baseline 0.001 -13"><span class='ocrx_word' id='word_1_23' title='bbox 297 531 512 580; x_wconf 85' lang='lat' dir='ltr'>quantum</span> <span class='ocrx_word' id='word_1_24' title='bbox 545 530 859 577; x_wconf 78' lang='lat' dir='ltr'>intelleximus,</span> <span class='ocrx_word' id='word_1_25' title='bbox 885 532 929 569; x_wconf 84' lang='lat' dir='ltr'>vt</span> <span class='ocrx_word' id='word_1_26' title='bbox 949 530 1052 569; x_wconf 88' lang='lat' dir='ltr'>hinc</span> <span class='ocrx_word' id='word_1_27' title='bbox 1077 530 1268 580; x_wconf 78' lang='lat' dir='ltr'>aliquem</span> <span class='ocrx_word' id='word_1_28' title='bbox 1291 529 1506 580; x_wconf 90' lang='lat' dir='ltr'>acciperet</span> <span class='ocrx_word' id='word_1_29' title='bbox 1533 542 1556 569; x_wconf 92' lang='lat' dir='ltr'>e</span> <span class='ocrx_word' id='word_1_30' title='bbox 1586 530 1764 577; x_wconf 86' lang='lat' dir='ltr'>nostris,</span> <span class='ocrx_word' id='word_1_31' title='bbox 1787 542 1916 581; x_wconf 90' lang='lat' dir='ltr'>quem</span> 
     </span>
     <span class='ocr_line' id='line_1_5' title="bbox 297 594 1672 646; baseline 0.001 -12"><span class='ocrx_word' id='word_1_32' title='bbox 297 605 381 634; x_wconf 91' lang='lat' dir='ltr'>suo</span> <span class='ocrx_word' id='word_1_33' title='bbox 410 594 698 634; x_wconf 76' lang='lat' dir='ltr'>substitueret</span> <span class='ocrx_word' id='word_1_34' title='bbox 727 595 836 635; x_wconf 89' lang='lat' dir='ltr'>loco.</span> <span class='ocrx_word' id='word_1_35' title='bbox 869 596 911 634; x_wconf 90' lang='lat' dir='ltr'>Is</span> <span class='ocrx_word' id='word_1_36' title='bbox 941 607 1043 634; x_wconf 88' lang='lat' dir='ltr'>vero</span> <span class='ocrx_word' id='word_1_37' title='bbox 1074 594 1156 634; x_wconf 85' lang='lat' dir='ltr'>suit</span> <span class='ocrx_word' id='word_1_38' title='bbox 1189 594 1302 633; x_wconf 91' lang='lat' dir='ltr'>idem</span> <span class='ocrx_word' id='word_1_39' title='bbox 1334 595 1390 634; x_wconf 88' lang='lat' dir='ltr'>M.</span> <span class='ocrx_word' id='word_1_40' title='bbox 1421 594 1672 646; x_wconf 81' lang='lat' dir='ltr'>Gregorius.</span> 
     </span>
    </p>

    <p class='ocr_par' dir='ltr' id='par_1_3' title="bbox 293 658 1917 1228">
     <span class='ocr_line' id='line_1_6' title="bbox 380 658 1917 710; baseline 0.001 -12"><span class='ocrx_word' id='word_1_41' title='bbox 380 660 441 698; x_wconf 78' lang='lat'>14.</span> <span class='ocrx_word' id='word_1_42' title='bbox 474 659 641 699; x_wconf 81' lang='lat' dir='ltr'>Diebus</span> <span class='ocrx_word' id='word_1_43' title='bbox 669 660 847 710; x_wconf 89' lang='lat' dir='ltr'>quidem</span> <span class='ocrx_word' id='word_1_44' title='bbox 880 659 1052 699; x_wconf 86' lang='lat' dir='ltr'>veneris</span> <span class='ocrx_word' id='word_1_45' title='bbox 1083 670 1210 697; x_wconf 87' lang='lat' dir='ltr'>mane</span> <span class='ocrx_word' id='word_1_46' title='bbox 1241 658 1287 697; x_wconf 91' lang='lat' dir='ltr'>in</span> <span class='ocrx_word' id='word_1_47' title='bbox 1317 659 1450 698; x_wconf 88' lang='lat' dir='ltr'>scolis</span> <span class='ocrx_word' id='word_1_48' title='bbox 1480 660 1645 698; x_wconf 89' lang='lat' dir='ltr'>nostris</span> <span class='ocrx_word' id='word_1_49' title='bbox 1674 671 1700 698; x_wconf 90' lang='lat' dir='ltr'>a</span> <span class='ocrx_word' id='word_1_50' title='bbox 1729 660 1783 699; x_wconf 90' lang='lat' dir='ltr'>M.</span> <span class='ocrx_word' id='word_1_51' title='bbox 1817 658 1917 700; x_wconf 88' lang='lat' dir='ltr'>Cor-</span> 
     </span>
     <span class='ocr_line' id='line_1_7' title="bbox 298 723 1916 775; baseline 0.001 -12"><span class='ocrx_word' id='word_1_52' title='bbox 298 724 416 764; x_wconf 91' lang='lat' dir='ltr'>nelio</span> <span class='ocrx_word' id='word_1_53' title='bbox 448 736 525 775; x_wconf 86' lang='lat' dir='ltr'>pro</span> <span class='ocrx_word' id='word_1_54' title='bbox 568 736 687 763; x_wconf 91' lang='lat' dir='ltr'>more</span> <span class='ocrx_word' id='word_1_55' title='bbox 726 724 877 772; x_wconf 88' lang='lat' dir='ltr'>latine,</span> <span class='ocrx_word' id='word_1_56' title='bbox 909 725 965 763; x_wconf 89' lang='lat' dir='ltr'>ab</span> <span class='ocrx_word' id='word_1_57' title='bbox 1008 724 1110 775; x_wconf 86' lang='lat' dir='ltr'>alijs</span> <span class='ocrx_word' id='word_1_58' title='bbox 1152 723 1415 773; x_wconf 81' lang='lat' dir='ltr'>germanice,</span> <span class='ocrx_word' id='word_1_59' title='bbox 1447 724 1683 763; x_wconf 83' lang='lat' dir='ltr'>dominicis</span> <span class='ocrx_word' id='word_1_60' title='bbox 1722 735 1838 772; x_wconf 89' lang='lat' dir='ltr'>vero,</span> <span class='ocrx_word' id='word_1_61' title='bbox 1870 724 1916 764; x_wconf 92' lang='lat' dir='ltr'>in</span> 
     </span>
     <span class='ocr_line' id='line_1_8' title="bbox 297 787 1917 840; baseline 0.001 -13"><span class='ocrx_word' id='word_1_62' title='bbox 297 789 461 839; x_wconf 89' lang='lat' dir='ltr'>templo</span> <span class='ocrx_word' id='word_1_63' title='bbox 499 791 651 828; x_wconf 90' lang='lat' dir='ltr'>nostro</span> <span class='ocrx_word' id='word_1_64' title='bbox 680 801 704 828; x_wconf 88' lang='lat' dir='ltr'>a</span> <span class='ocrx_word' id='word_1_65' title='bbox 736 789 863 828; x_wconf 89' lang='lat' dir='ltr'>Patre</span> <span class='ocrx_word' id='word_1_66' title='bbox 908 789 1121 839; x_wconf 88' lang='lat' dir='ltr'>Pyringer</span> <span class='ocrx_word' id='word_1_67' title='bbox 1163 787 1364 827; x_wconf 85' lang='lat' dir='ltr'>doctrina</span> <span class='ocrx_word' id='word_1_68' title='bbox 1406 788 1651 827; x_wconf 88' lang='lat' dir='ltr'>christiana</span> <span class='ocrx_word' id='word_1_69' title='bbox 1678 795 1696 814; x_wconf 60' lang='grc' dir='ltr'>ἃ</span> <span class='ocrx_word' id='word_1_70' title='bbox 1717 788 1917 840; x_wconf 85' lang='lat' dir='ltr'>frequen-</span> 
     </span>
     <span class='ocr_line' id='line_1_9' title="bbox 297 852 1915 902; baseline 0 -10"><span class='ocrx_word' id='word_1_71' title='bbox 297 853 398 892; x_wconf 88' lang='lat' dir='ltr'>tiori</span> <span class='ocrx_word' id='word_1_72' title='bbox 428 853 560 892; x_wconf 90' lang='lat' dir='ltr'>solito</span> <span class='ocrx_word' id='word_1_73' title='bbox 589 853 826 901; x_wconf 87' lang='lat' dir='ltr'>auditorio,</span> <span class='ocrx_word' id='word_1_74' title='bbox 849 854 890 892; x_wconf 89' lang='lat' dir='ltr'>et</span> <span class='ocrx_word' id='word_1_75' title='bbox 920 853 1065 892; x_wconf 80' lang='lat' dir='ltr'>fructu</span> <span class='ocrx_word' id='word_1_76' title='bbox 1096 852 1301 899; x_wconf 85' lang='lat' dir='ltr'>vberiori,</span> <span class='ocrx_word' id='word_1_77' title='bbox 1324 852 1582 902; x_wconf 81' lang='lat' dir='ltr'>explicatur.</span> <span class='ocrx_word' id='word_1_78' title='bbox 1604 853 1765 892; x_wconf 88' lang='lat' dir='ltr'>Doctor</span> <span class='ocrx_word' id='word_1_79' title='bbox 1784 853 1915 892; x_wconf 90' lang='lat' dir='ltr'>etiam</span> 
     </span>
     <span class='ocr_line' id='line_1_10' title="bbox 297 917 1917 968; baseline 0 -11"><span class='ocrx_word' id='word_1_80' title='bbox 297 917 579 958; x_wconf 79' lang='lat' dir='ltr'>Christianus</span> <span class='ocrx_word' id='word_1_81' title='bbox 606 919 637 965; x_wconf 72' lang='lat'>2,</span> <span class='ocrx_word' id='word_1_82' title='bbox 669 918 951 957; x_wconf 89' lang='lat' dir='ltr'>contionibus</span> <span class='ocrx_word' id='word_1_83' title='bbox 981 917 1075 956; x_wconf 92' lang='lat' dir='ltr'>suis</span> <span class='ocrx_word' id='word_1_84' title='bbox 1105 919 1258 968; x_wconf 88' lang='lat' dir='ltr'>gratus</span> <span class='ocrx_word' id='word_1_85' title='bbox 1279 917 1458 967; x_wconf 89' lang='lat' dir='ltr'>populo,</span> <span class='ocrx_word' id='word_1_86' title='bbox 1482 917 1733 968; x_wconf 87' lang='lat' dir='ltr'>frequenter</span> <span class='ocrx_word' id='word_1_87' title='bbox 1760 917 1917 957; x_wconf 91' lang='lat' dir='ltr'>diebus</span> 
     </span>
     <span class='ocr_line' id='line_1_11' title="bbox 295 982 1913 1033; baseline 0 -12"><span class='ocrx_word' id='word_1_88' title='bbox 295 983 420 1022; x_wconf 87' lang='lat' dir='ltr'>festis</span> <span class='ocrx_word' id='word_1_89' title='bbox 441 982 486 1021; x_wconf 95' lang='lat' dir='ltr'>in</span> <span class='ocrx_word' id='word_1_90' title='bbox 503 982 637 1022; x_wconf 90' lang='lat' dir='ltr'>scolis</span> <span class='ocrx_word' id='word_1_91' title='bbox 657 982 836 1030; x_wconf 87' lang='lat' dir='ltr'>nostris,</span> <span class='ocrx_word' id='word_1_92' title='bbox 860 982 1075 1021; x_wconf 88' lang='lat' dir='ltr'>nonnulla</span> <span class='ocrx_word' id='word_1_93' title='bbox 1096 994 1118 1021; x_wconf 94' lang='lat' dir='ltr'>e</span> <span class='ocrx_word' id='word_1_94' title='bbox 1139 984 1350 1033; x_wconf 87' lang='lat' dir='ltr'>suggestu</span> <span class='ocrx_word' id='word_1_95' title='bbox 1371 982 1424 1021; x_wconf 89' lang='lat' dir='ltr'>de</span> <span class='ocrx_word' id='word_1_96' title='bbox 1440 982 1759 1022; x_wconf 84' lang='lat' dir='ltr'>festiuitatibus</span> <span class='ocrx_word' id='word_1_97' title='bbox 1789 982 1913 1033; x_wconf 90' lang='lat' dir='ltr'>ipsis,</span> 
     </span>
     <span class='ocr_line' id='line_1_12' title="bbox 294 1047 1913 1099; baseline -0.001 -12"><span class='ocrx_word' id='word_1_98' title='bbox 294 1047 436 1099; x_wconf 87' lang='lat' dir='ltr'>deque</span> <span class='ocrx_word' id='word_1_99' title='bbox 465 1047 707 1087; x_wconf 91' lang='lat' dir='ltr'>virtutibus</span> <span class='ocrx_word' id='word_1_100' title='bbox 727 1047 983 1086; x_wconf 87' lang='lat' dir='ltr'>christianis</span> <span class='ocrx_word' id='word_1_101' title='bbox 1012 1047 1292 1086; x_wconf 84' lang='lat' dir='ltr'>auditoribus</span> <span class='ocrx_word' id='word_1_102' title='bbox 1313 1047 1478 1086; x_wconf 90' lang='lat' dir='ltr'>nostris</span> <span class='ocrx_word' id='word_1_103' title='bbox 1499 1047 1720 1098; x_wconf 83' lang='lat' dir='ltr'>proponit,</span> <span class='ocrx_word' id='word_1_104' title='bbox 1742 1047 1913 1095; x_wconf 89' lang='lat' dir='ltr'>auditu,</span> 
     </span>
     <span class='ocr_line' id='line_1_13' title="bbox 295 1111 1916 1163; baseline 0 -12"><span class='ocrx_word' id='word_1_105' title='bbox 295 1112 501 1163; x_wconf 87' lang='lat' dir='ltr'>factuque</span> <span class='ocrx_word' id='word_1_106' title='bbox 529 1112 679 1163; x_wconf 88' lang='lat' dir='ltr'>digna.</span> <span class='ocrx_word' id='word_1_107' title='bbox 712 1112 811 1151; x_wconf 83' lang='lat' dir='ltr'>Itali</span> <span class='ocrx_word' id='word_1_108' title='bbox 842 1123 1033 1162; x_wconf 90' lang='lat' dir='ltr'>quoque,</span> <span class='ocrx_word' id='word_1_109' title='bbox 1066 1111 1266 1151; x_wconf 88' lang='lat' dir='ltr'>rudiores</span> <span class='ocrx_word' id='word_1_110' title='bbox 1295 1111 1500 1158; x_wconf 82' lang='lat' dir='ltr'>maxime,</span> <span class='ocrx_word' id='word_1_111' title='bbox 1531 1112 1916 1151; x_wconf 88' lang='lat' dir='ltr'>exhortationibus</span> 
     </span>
     <span class='ocr_line' id='line_1_14' title="bbox 293 1175 1779 1228; baseline 0 -12"><span class='ocrx_word' id='word_1_112' title='bbox 293 1179 425 1228; x_wconf 87' lang='lat' dir='ltr'>atque</span> <span class='ocrx_word' id='word_1_113' title='bbox 453 1176 690 1228; x_wconf 64' lang='lat' dir='ltr'>colloquiis</span> <span class='ocrx_word' id='word_1_114' title='bbox 719 1176 1029 1227; x_wconf 85' lang='lat' dir='ltr'>spiritualibus</span> <span class='ocrx_word' id='word_1_115' title='bbox 1058 1188 1147 1215; x_wconf 92' lang='lat' dir='ltr'>non</span> <span class='ocrx_word' id='word_1_116' title='bbox 1177 1188 1276 1215; x_wconf 89' lang='lat' dir='ltr'>raro</span> <span class='ocrx_word' id='word_1_117' title='bbox 1306 1175 1519 1216; x_wconf 89' lang='lat' dir='ltr'>iuuantur</span> <span class='ocrx_word' id='word_1_118' title='bbox 1547 1188 1572 1215; x_wconf 89' lang='lat' dir='ltr'>a</span> <span class='ocrx_word' id='word_1_119' title='bbox 1601 1176 1779 1216; x_wconf 91' lang='lat' dir='ltr'>nostris.</span> 
     </span>
    </p>

    <p class='ocr_par' dir='ltr' id='par_1_4' title="bbox 286 1240 1915 2652">
     <span class='ocr_line' id='line_1_15' title="bbox 375 1240 1914 1292; baseline -0.001 -11"><span class='ocrx_word' id='word_1_120' title='bbox 375 1241 437 1281; x_wconf 83' lang='lat'>15.</span> <span class='ocrx_word' id='word_1_121' title='bbox 472 1241 589 1281; x_wconf 89' lang='lat' dir='ltr'>Haec</span> <span class='ocrx_word' id='word_1_122' title='bbox 636 1241 784 1292; x_wconf 89' lang='lat' dir='ltr'>itaque</span> <span class='ocrx_word' id='word_1_123' title='bbox 831 1244 962 1292; x_wconf 88' lang='lat' dir='ltr'>atque</span> <span class='ocrx_word' id='word_1_124' title='bbox 1006 1241 1093 1280; x_wconf 88' lang='lat' dir='ltr'>alia</span> <span class='ocrx_word' id='word_1_125' title='bbox 1137 1240 1314 1292; x_wconf 78' lang='lat' dir='ltr'>pietatis</span> <span class='ocrx_word' id='word_1_126' title='bbox 1346 1240 1503 1288; x_wconf 87' lang='lat' dir='ltr'>officia,</span> <span class='ocrx_word' id='word_1_127' title='bbox 1534 1241 1655 1289; x_wconf 91' lang='lat' dir='ltr'>dum,</span> <span class='ocrx_word' id='word_1_128' title='bbox 1687 1253 1766 1292; x_wconf 90' lang='lat' dir='ltr'>pro</span> <span class='ocrx_word' id='word_1_129' title='bbox 1795 1252 1914 1281; x_wconf 91' lang='lat' dir='ltr'>more</span> 
     </span>
     <span class='ocr_line' id='line_1_16' title="bbox 294 1305 1911 1356; baseline 0 -11"><span class='ocrx_word' id='word_1_130' title='bbox 294 1305 540 1353; x_wconf 81' lang='lat' dir='ltr'>Societatis,</span> <span class='ocrx_word' id='word_1_131' title='bbox 581 1318 605 1345; x_wconf 89' lang='lat' dir='ltr'>a</span> <span class='ocrx_word' id='word_1_132' title='bbox 648 1306 813 1345; x_wconf 84' lang='lat' dir='ltr'>nostris</span> <span class='ocrx_word' id='word_1_133' title='bbox 855 1306 1038 1345; x_wconf 86' lang='lat' dir='ltr'>solerter</span> <span class='ocrx_word' id='word_1_134' title='bbox 1081 1307 1309 1356; x_wconf 86' lang='lat' dir='ltr'>geruntur,</span> <span class='ocrx_word' id='word_1_135' title='bbox 1357 1305 1520 1356; x_wconf 87' lang='lat' dir='ltr'>magni,</span> <span class='ocrx_word' id='word_1_136' title='bbox 1565 1305 1701 1345; x_wconf 88' lang='lat' dir='ltr'>dubio</span> <span class='ocrx_word' id='word_1_137' title='bbox 1744 1306 1911 1356; x_wconf 88' lang='lat' dir='ltr'>procul,</span> 
     </span>
     <span class='ocr_line' id='line_1_17' title="bbox 293 1370 1915 1422; baseline 0 -12"><span class='ocrx_word' id='word_1_138' title='bbox 293 1372 425 1421; x_wconf 88' lang='lat' dir='ltr'>atque</span> <span class='ocrx_word' id='word_1_139' title='bbox 453 1370 622 1421; x_wconf 82' lang='lat' dir='ltr'>copiosi</span> <span class='ocrx_word' id='word_1_140' title='bbox 652 1370 698 1409; x_wconf 91' lang='lat' dir='ltr'>in</span> <span class='ocrx_word' id='word_1_141' title='bbox 728 1370 969 1422; x_wconf 88' lang='lat' dir='ltr'>hor[r]eum</span> <span class='ocrx_word' id='word_1_142' title='bbox 1000 1370 1179 1409; x_wconf 90' lang='lat' dir='ltr'>Domini</span> <span class='ocrx_word' id='word_1_143' title='bbox 1209 1372 1407 1421; x_wconf 84' lang='lat' dir='ltr'>segetum</span> <span class='ocrx_word' id='word_1_144' title='bbox 1452 1370 1670 1421; x_wconf 89' lang='lat' dir='ltr'>manipuli</span> <span class='ocrx_word' id='word_1_145' title='bbox 1699 1371 1915 1422; x_wconf 86' lang='lat' dir='ltr'>colligun-</span> 
     </span>
     <span class='ocr_line' id='line_1_18' title="bbox 292 1434 1914 1483; baseline 0 -9"><span class='ocrx_word' id='word_1_146' title='bbox 292 1437 387 1483; x_wconf 82' lang='lat' dir='ltr'>tur3</span> <span class='ocrx_word' id='word_1_147' title='bbox 410 1435 538 1474; x_wconf 87' lang='lat' dir='ltr'>cuius</span> <span class='ocrx_word' id='word_1_148' title='bbox 568 1434 629 1474; x_wconf 90' lang='lat' dir='ltr'>rei</span> <span class='ocrx_word' id='word_1_149' title='bbox 660 1436 705 1474; x_wconf 90' lang='lat' dir='ltr'>vt</span> <span class='ocrx_word' id='word_1_150' title='bbox 735 1435 874 1474; x_wconf 90' lang='lat' dir='ltr'>multa</span> <span class='ocrx_word' id='word_1_151' title='bbox 902 1434 991 1474; x_wconf 89' lang='lat' dir='ltr'>alia</span> <span class='ocrx_word' id='word_1_152' title='bbox 1020 1436 1126 1474; x_wconf 91' lang='lat' dir='ltr'>sunt</span> <span class='ocrx_word' id='word_1_153' title='bbox 1155 1434 1334 1481; x_wconf 86' lang='lat' dir='ltr'>indicia,</span> <span class='ocrx_word' id='word_1_154' title='bbox 1359 1434 1471 1474; x_wconf 92' lang='lat' dir='ltr'>illud</span> <span class='ocrx_word' id='word_1_155' title='bbox 1492 1446 1581 1474; x_wconf 92' lang='lat' dir='ltr'>non</span> <span class='ocrx_word' id='word_1_156' title='bbox 1608 1435 1669 1474; x_wconf 92' lang='lat' dir='ltr'>ita</span> <span class='ocrx_word' id='word_1_157' title='bbox 1698 1435 1914 1474; x_wconf 90' lang='lat' dir='ltr'>incertum</span> 
     </span>
     <span class='ocr_line' id='line_1_19' title="bbox 292 1499 1911 1551; baseline 0.001 -13"><span class='ocrx_word' id='word_1_158' title='bbox 292 1501 373 1545; x_wconf 83' lang='lat' dir='ltr'>est,</span> <span class='ocrx_word' id='word_1_159' title='bbox 400 1500 518 1550; x_wconf 89' lang='lat' dir='ltr'>quod</span> <span class='ocrx_word' id='word_1_160' title='bbox 539 1511 670 1551; x_wconf 88' lang='lat' dir='ltr'>quam</span> <span class='ocrx_word' id='word_1_161' title='bbox 703 1499 882 1550; x_wconf 88' lang='lat' dir='ltr'>plurimi</span> <span class='ocrx_word' id='word_1_162' title='bbox 912 1500 967 1539; x_wconf 93' lang='lat' dir='ltr'>ad</span> <span class='ocrx_word' id='word_1_163' title='bbox 997 1499 1209 1549; x_wconf 89' lang='lat' dir='ltr'>templum</span> <span class='ocrx_word' id='word_1_164' title='bbox 1231 1502 1432 1539; x_wconf 87' lang='lat' dir='ltr'>nostrum</span> <span class='ocrx_word' id='word_1_165' title='bbox 1462 1511 1573 1550; x_wconf 90' lang='lat' dir='ltr'>puro</span> <span class='ocrx_word' id='word_1_166' title='bbox 1603 1499 1911 1547; x_wconf 84' lang='lat' dir='ltr'>confessionis,</span> 
     </span>
     <span class='ocr_line' id='line_1_20' title="bbox 290 1564 1914 1616; baseline 0 -12"><span class='ocrx_word' id='word_1_167' title='bbox 290 1564 587 1612; x_wconf 84' lang='lat' dir='ltr'>contritionis,</span> <span class='ocrx_word' id='word_1_168' title='bbox 637 1564 1043 1615; x_wconf 83' lang='lat' dir='ltr'>satisfactionisque</span> <span class='ocrx_word' id='word_1_169' title='bbox 1090 1566 1382 1604; x_wconf 87' lang='lat' dir='ltr'>sacramento.</span> <span class='ocrx_word' id='word_1_170' title='bbox 1431 1564 1587 1604; x_wconf 90' lang='lat' dir='ltr'>diuino</span> <span class='ocrx_word' id='word_1_171' title='bbox 1639 1565 1914 1616; x_wconf 90' lang='lat' dir='ltr'>beneplacito</span> 
     </span>
     <span class='ocr_line' id='line_1_21' title="bbox 291 1629 1914 1680; baseline 0.001 -12"><span class='ocrx_word' id='word_1_172' title='bbox 291 1629 512 1676; x_wconf 91' lang='lat' dir='ltr'>instituto,</span> <span class='ocrx_word' id='word_1_173' title='bbox 535 1629 830 1668; x_wconf 88' lang='lat' dir='ltr'>conscientias</span> <span class='ocrx_word' id='word_1_174' title='bbox 859 1629 1139 1668; x_wconf 88' lang='lat' dir='ltr'>exoneraturi</span> <span class='ocrx_word' id='word_1_175' title='bbox 1168 1640 1288 1677; x_wconf 92' lang='lat' dir='ltr'>suas,</span> <span class='ocrx_word' id='word_1_176' title='bbox 1312 1631 1552 1680; x_wconf 89' lang='lat' dir='ltr'>pectusque</span> <span class='ocrx_word' id='word_1_177' title='bbox 1581 1629 1684 1669; x_wconf 89' lang='lat' dir='ltr'>inde</span> <span class='ocrx_word' id='word_1_178' title='bbox 1712 1629 1914 1669; x_wconf 89' lang='lat' dir='ltr'>christia-</span> 
     </span>
     <span class='ocr_line' id='line_1_22' title="bbox 290 1693 1912 1745; baseline 0.001 -13"><span class='ocrx_word' id='word_1_179' title='bbox 290 1705 414 1741; x_wconf 86' lang='lat' dir='ltr'>num,</span> <span class='ocrx_word' id='word_1_180' title='bbox 446 1705 496 1733; x_wconf 91' lang='lat' dir='ltr'>ac</span> <span class='ocrx_word' id='word_1_181' title='bbox 524 1693 661 1745; x_wconf 86' lang='lat' dir='ltr'>varijs</span> <span class='ocrx_word' id='word_1_182' title='bbox 704 1695 986 1744; x_wconf 87' lang='lat' dir='ltr'>repurgatum</span> <span class='ocrx_word' id='word_1_183' title='bbox 1032 1693 1167 1745; x_wconf 83' lang='lat' dir='ltr'>vitijS,</span> <span class='ocrx_word' id='word_1_184' title='bbox 1199 1694 1379 1733; x_wconf 89' lang='lat' dir='ltr'>domum</span> <span class='ocrx_word' id='word_1_185' title='bbox 1420 1694 1683 1744; x_wconf 81' lang='lat' dir='ltr'>reportaturi</span> <span class='ocrx_word' id='word_1_186' title='bbox 1715 1693 1733 1720; x_wconf 79' lang='lat'>¹³</span> <span class='ocrx_word' id='word_1_187' title='bbox 1766 1706 1912 1734; x_wconf 89' lang='lat' dir='ltr'>recur-</span> 
     </span>
     <span class='ocr_line' id='line_1_23' title="bbox 291 1758 1912 1810; baseline 0 -12"><span class='ocrx_word' id='word_1_188' title='bbox 291 1760 417 1807; x_wconf 87' lang='lat' dir='ltr'>runt;</span> <span class='ocrx_word' id='word_1_189' title='bbox 449 1770 635 1809; x_wconf 90' lang='lat' dir='ltr'>quorum</span> <span class='ocrx_word' id='word_1_190' title='bbox 668 1758 730 1797; x_wconf 90' lang='lat' dir='ltr'>ita</span> <span class='ocrx_word' id='word_1_191' title='bbox 758 1758 964 1809; x_wconf 90' lang='lat' dir='ltr'>copiosus</span> <span class='ocrx_word' id='word_1_192' title='bbox 994 1760 1060 1797; x_wconf 88' lang='lat' dir='ltr'>est</span> <span class='ocrx_word' id='word_1_193' title='bbox 1090 1770 1316 1805; x_wconf 89' lang='lat' dir='ltr'>numerus,</span> <span class='ocrx_word' id='word_1_194' title='bbox 1349 1761 1408 1807; x_wconf 84' lang='lat' dir='ltr'>vt,</span> <span class='ocrx_word' id='word_1_195' title='bbox 1441 1758 1615 1798; x_wconf 87' lang='lat' dir='ltr'>etiamsi</span> <span class='ocrx_word' id='word_1_196' title='bbox 1659 1759 1808 1810; x_wconf 90' lang='lat' dir='ltr'>plures</span> <span class='ocrx_word' id='word_1_197' title='bbox 1846 1771 1912 1798; x_wconf 87' lang='lat' dir='ltr'>sa-</span> 
     </span>
     <span class='ocr_line' id='line_1_24' title="bbox 288 1823 1909 1874; baseline 0.001 -12"><span class='ocrx_word' id='word_1_198' title='bbox 288 1823 487 1863; x_wconf 89' lang='lat' dir='ltr'>cerdotes</span> <span class='ocrx_word' id='word_1_199' title='bbox 528 1823 725 1874; x_wconf 84' lang='lat' dir='ltr'>germani</span> <span class='ocrx_word' id='word_1_200' title='bbox 769 1823 987 1870; x_wconf 87' lang='lat' dir='ltr'>adessent,</span> <span class='ocrx_word' id='word_1_201' title='bbox 1028 1823 1156 1862; x_wconf 91' lang='lat' dir='ltr'>multi</span> <span class='ocrx_word' id='word_1_202' title='bbox 1200 1826 1346 1862; x_wconf 88' lang='lat' dir='ltr'>tamen</span> <span class='ocrx_word' id='word_1_203' title='bbox 1377 1836 1402 1862; x_wconf 91' lang='lat' dir='ltr'>a</span> <span class='ocrx_word' id='word_1_204' title='bbox 1436 1823 1580 1871; x_wconf 89' lang='lat' dir='ltr'>nobis,</span> <span class='ocrx_word' id='word_1_205' title='bbox 1612 1826 1659 1863; x_wconf 90' lang='lat' dir='ltr'>vt</span> <span class='ocrx_word' id='word_1_206' title='bbox 1688 1824 1817 1863; x_wconf 90' lang='lat' dir='ltr'>modo</span> <span class='ocrx_word' id='word_1_207' title='bbox 1846 1824 1909 1872; x_wconf 90' lang='lat' dir='ltr'>fit,</span> 
     </span>
     <span class='ocr_line' id='line_1_25' title="bbox 289 1888 1911 1939; baseline 0.001 -12"><span class='ocrx_word' id='word_1_208' title='bbox 289 1900 445 1939; x_wconf 85' lang='lat' dir='ltr'>parum</span> <span class='ocrx_word' id='word_1_209' title='bbox 475 1888 606 1928; x_wconf 90' lang='lat' dir='ltr'>solati</span> <span class='ocrx_word' id='word_1_210' title='bbox 636 1890 896 1939; x_wconf 82' lang='lat' dir='ltr'>cogerentur</span> <span class='ocrx_word' id='word_1_211' title='bbox 925 1888 1012 1927; x_wconf 83' lang='lat' dir='ltr'>alio</span> <span class='ocrx_word' id='word_1_212' title='bbox 1042 1899 1088 1927; x_wconf 90' lang='lat' dir='ltr'>se</span> <span class='ocrx_word' id='word_1_213' title='bbox 1117 1889 1327 1929; x_wconf 59' lang='lat' dir='ltr'>conferre.</span> <span class='ocrx_word' id='word_1_214' title='bbox 1359 1888 1596 1939; x_wconf 88' lang='lat' dir='ltr'>Nunquam</span> <span class='ocrx_word' id='word_1_215' title='bbox 1635 1888 1811 1928; x_wconf 90' lang='lat' dir='ltr'>interim</span> <span class='ocrx_word' id='word_1_216' title='bbox 1841 1889 1911 1928; x_wconf 90' lang='lat' dir='ltr'>de-</span> 
     </span>
     <span class='ocr_line' id='line_1_26' title="bbox 288 1953 1911 2004; baseline 0 -11"><span class='ocrx_word' id='word_1_217' title='bbox 288 1955 409 2001; x_wconf 90' lang='lat' dir='ltr'>sunt,</span> <span class='ocrx_word' id='word_1_218' title='bbox 441 1953 517 2004; x_wconf 89' lang='lat' dir='ltr'>qui</span> <span class='ocrx_word' id='word_1_219' title='bbox 560 1953 796 1992; x_wconf 89' lang='lat' dir='ltr'>dominicis</span> <span class='ocrx_word' id='word_1_220' title='bbox 839 1953 1051 2004; x_wconf 82' lang='lat' dir='ltr'>festisque</span> <span class='ocrx_word' id='word_1_221' title='bbox 1088 1953 1259 2002; x_wconf 87' lang='lat' dir='ltr'>diebus,</span> <span class='ocrx_word' id='word_1_222' title='bbox 1294 1957 1391 2004; x_wconf 83' lang='lat' dir='ltr'>post</span> <span class='ocrx_word' id='word_1_223' title='bbox 1420 1965 1577 2004; x_wconf 89' lang='lat' dir='ltr'>puram</span> <span class='ocrx_word' id='word_1_224' title='bbox 1606 1953 1911 2004; x_wconf 86' lang='lat' dir='ltr'>integramque</span> 
     </span>
     <span class='ocr_line' id='line_1_27' title="bbox 288 2018 1911 2069; baseline 0.001 -12"><span class='ocrx_word' id='word_1_225' title='bbox 288 2030 472 2058; x_wconf 89' lang='lat' dir='ltr'>suorum</span> <span class='ocrx_word' id='word_1_226' title='bbox 503 2020 780 2068; x_wconf 86' lang='lat' dir='ltr'>peccatorum</span> <span class='ocrx_word' id='word_1_227' title='bbox 822 2018 1168 2068; x_wconf 85' lang='lat' dir='ltr'>exomologesin,</span> <span class='ocrx_word' id='word_1_228' title='bbox 1201 2030 1325 2057; x_wconf 79' lang='lat' dir='ltr'>sacra</span> <span class='ocrx_word' id='word_1_229' title='bbox 1367 2019 1540 2069; x_wconf 75' lang='lat' dir='ltr'>synaxi,</span> <span class='ocrx_word' id='word_1_230' title='bbox 1574 2018 1775 2069; x_wconf 90' lang='lat' dir='ltr'>proprias</span> <span class='ocrx_word' id='word_1_231' title='bbox 1816 2018 1911 2069; x_wconf 91' lang='lat' dir='ltr'>qui—</span> 
     </span>
     <span class='ocr_line' id='line_1_28' title="bbox 287 2082 1911 2134; baseline 0.001 -13"><span class='ocrx_word' id='word_1_232' title='bbox 287 2083 388 2122; x_wconf 87' lang='lat' dir='ltr'>dem</span> <span class='ocrx_word' id='word_1_233' title='bbox 417 2082 808 2129; x_wconf 86' lang='lat' dir='ltr'>sacramentaliter,</span> <span class='ocrx_word' id='word_1_234' title='bbox 842 2085 1093 2122; x_wconf 83' lang='lat' dir='ltr'>nostrorum</span> <span class='ocrx_word' id='word_1_235' title='bbox 1124 2095 1225 2122; x_wconf 90' lang='lat' dir='ltr'>vero</span> <span class='ocrx_word' id='word_1_236' title='bbox 1255 2085 1385 2134; x_wconf 74' lang='lat' dir='ltr'>atqm·</span> <span class='ocrx_word' id='word_1_237' title='bbox 1415 2084 1620 2131; x_wconf 87' lang='lat' dir='ltr'>aliorum,</span> <span class='ocrx_word' id='word_1_238' title='bbox 1643 2083 1719 2133; x_wconf 87' lang='lat' dir='ltr'>qui</span> <span class='ocrx_word' id='word_1_239' title='bbox 1744 2085 1911 2134; x_wconf 91' lang='lat' dir='ltr'>specta-</span> 
     </span>
     <span class='ocr_line' id='line_1_29' title="bbox 288 2147 1911 2198; baseline 0.001 -12"><span class='ocrx_word' id='word_1_240' title='bbox 288 2150 406 2187; x_wconf 90' lang='lat' dir='ltr'>tores</span> <span class='ocrx_word' id='word_1_241' title='bbox 434 2159 530 2187; x_wconf 90' lang='lat' dir='ltr'>sese</span> <span class='ocrx_word' id='word_1_242' title='bbox 558 2147 782 2194; x_wconf 86' lang='lat' dir='ltr'>exhibent,</span> <span class='ocrx_word' id='word_1_243' title='bbox 823 2147 1081 2198; x_wconf 89' lang='lat' dir='ltr'>spiritaliter</span> <span class='ocrx_word' id='word_1_244' title='bbox 1118 2148 1364 2187; x_wconf 86' lang='lat' dir='ltr'>refocillent</span> <span class='ocrx_word' id='word_1_245' title='bbox 1401 2148 1588 2188; x_wconf 86' lang='lat' dir='ltr'>animas.</span> <span class='ocrx_word' id='word_1_246' title='bbox 1620 2148 1911 2187; x_wconf 87' lang='lat' dir='ltr'>Admirantur</span> 
     </span>
     <span class='ocr_line' id='line_1_30' title="bbox 289 2212 1909 2263; baseline 0 -11"><span class='ocrx_word' id='word_1_247' title='bbox 289 2212 469 2263; x_wconf 90' lang='lat' dir='ltr'>plurimi</span> <span class='ocrx_word' id='word_1_248' title='bbox 500 2224 662 2251; x_wconf 88' lang='lat' dir='ltr'>nouam</span> <span class='ocrx_word' id='word_1_249' title='bbox 693 2212 808 2251; x_wconf 89' lang='lat' dir='ltr'>hanc</span> <span class='ocrx_word' id='word_1_250' title='bbox 838 2213 1270 2263; x_wconf 87' lang='lat' dir='ltr'>methamorphosin;</span> <span class='ocrx_word' id='word_1_251' title='bbox 1294 2213 1474 2263; x_wconf 87' lang='lat' dir='ltr'>quidam</span> <span class='ocrx_word' id='word_1_252' title='bbox 1505 2213 1753 2252; x_wconf 84' lang='lat' dir='ltr'>excitantur</span> <span class='ocrx_word' id='word_1_253' title='bbox 1776 2213 1909 2252; x_wconf 91' lang='lat' dir='ltr'>etiam</span> 
     </span>
     <span class='ocr_line' id='line_1_31' title="bbox 287 2277 1909 2328; baseline 0.001 -13"><span class='ocrx_word' id='word_1_254' title='bbox 287 2278 412 2316; x_wconf 88' lang='lat' dir='ltr'>tanto</span> <span class='ocrx_word' id='word_1_255' title='bbox 442 2277 620 2316; x_wconf 88' lang='lat' dir='ltr'>virtutis</span> <span class='ocrx_word' id='word_1_256' title='bbox 648 2277 871 2326; x_wconf 86' lang='lat' dir='ltr'>exemplo;</span> <span class='ocrx_word' id='word_1_257' title='bbox 904 2277 996 2327; x_wconf 86' lang='lat' dir='ltr'>alij,</span> <span class='ocrx_word' id='word_1_258' title='bbox 1030 2277 1217 2327; x_wconf 90' lang='lat' dir='ltr'>peractis</span> <span class='ocrx_word' id='word_1_259' title='bbox 1255 2278 1408 2325; x_wconf 87' lang='lat' dir='ltr'>sacris,</span> <span class='ocrx_word' id='word_1_260' title='bbox 1440 2277 1602 2328; x_wconf 90' lang='lat' dir='ltr'>quibus</span> <span class='ocrx_word' id='word_1_261' title='bbox 1646 2289 1909 2317; x_wconf 90' lang='lat' dir='ltr'>numerosus</span> 
     </span>
     <span class='ocr_line' id='line_1_32' title="bbox 287 2341 1909 2392; baseline 0.001 -12"><span class='ocrx_word' id='word_1_262' title='bbox 287 2341 435 2381; x_wconf 89' lang='lat' dir='ltr'>omnis</span> <span class='ocrx_word' id='word_1_263' title='bbox 464 2341 733 2381; x_wconf 90' lang='lat' dir='ltr'>conditionis</span> <span class='ocrx_word' id='word_1_264' title='bbox 762 2343 894 2392; x_wconf 89' lang='lat' dir='ltr'>atque</span> <span class='ocrx_word' id='word_1_265' title='bbox 924 2344 1067 2381; x_wconf 90' lang='lat' dir='ltr'>status</span> <span class='ocrx_word' id='word_1_266' title='bbox 1089 2342 1294 2392; x_wconf 89' lang='lat' dir='ltr'>populus,</span> <span class='ocrx_word' id='word_1_267' title='bbox 1318 2354 1491 2382; x_wconf 89' lang='lat' dir='ltr'>summa</span> <span class='ocrx_word' id='word_1_268' title='bbox 1511 2343 1768 2390; x_wconf 88' lang='lat' dir='ltr'>attentione,</span> <span class='ocrx_word' id='word_1_269' title='bbox 1792 2354 1909 2382; x_wconf 91' lang='lat' dir='ltr'>sum-</span> 
     </span>
     <span class='ocr_line' id='line_1_33' title="bbox 288 2406 1905 2458; baseline 0 -12"><span class='ocrx_word' id='word_1_270' title='bbox 288 2418 447 2458; x_wconf 88' lang='lat' dir='ltr'>maque</span> <span class='ocrx_word' id='word_1_271' title='bbox 490 2406 737 2446; x_wconf 84' lang='lat' dir='ltr'>reuerentia</span> <span class='ocrx_word' id='word_1_272' title='bbox 779 2406 991 2446; x_wconf 89' lang='lat' dir='ltr'>interesse</span> <span class='ocrx_word' id='word_1_273' title='bbox 1033 2407 1158 2455; x_wconf 90' lang='lat' dir='ltr'>solet,</span> <span class='ocrx_word' id='word_1_274' title='bbox 1199 2419 1264 2455; x_wconf 91' lang='lat' dir='ltr'>ea,</span> <span class='ocrx_word' id='word_1_275' title='bbox 1302 2419 1414 2458; x_wconf 91' lang='lat' dir='ltr'>quae</span> <span class='ocrx_word' id='word_1_276' title='bbox 1458 2407 1504 2446; x_wconf 91' lang='lat' dir='ltr'>in</span> <span class='ocrx_word' id='word_1_277' title='bbox 1533 2408 1696 2457; x_wconf 91' lang='lat' dir='ltr'>templo</span> <span class='ocrx_word' id='word_1_278' title='bbox 1739 2412 1905 2455; x_wconf 88' lang='lat' dir='ltr'>nostro,</span> 
     </span>
     <span class='ocr_line' id='line_1_34' title="bbox 286 2471 1907 2523; baseline 0 -12"><span class='ocrx_word' id='word_1_279' title='bbox 286 2471 415 2523; x_wconf 87' lang='lat' dir='ltr'>quasi</span> <span class='ocrx_word' id='word_1_280' title='bbox 460 2471 505 2511; x_wconf 92' lang='lat' dir='ltr'>in</span> <span class='ocrx_word' id='word_1_281' title='bbox 547 2471 823 2519; x_wconf 88' lang='lat' dir='ltr'>abscondito,</span> <span class='ocrx_word' id='word_1_282' title='bbox 856 2471 1062 2511; x_wconf 88' lang='lat' dir='ltr'>viderunt</span> <span class='ocrx_word' id='word_1_283' title='bbox 1099 2474 1230 2523; x_wconf 88' lang='lat' dir='ltr'>atque</span> <span class='ocrx_word' id='word_1_284' title='bbox 1259 2473 1542 2519; x_wconf 88' lang='lat' dir='ltr'>audiuerunt,</span> <span class='ocrx_word' id='word_1_285' title='bbox 1588 2472 1745 2523; x_wconf 85' lang='lat' dir='ltr'>vbique</span> <span class='ocrx_word' id='word_1_286' title='bbox 1774 2484 1907 2522; x_wconf 90' lang='lat' dir='ltr'>supra</span> 
     </span>
     <span class='ocr_line' id='line_1_35' title="bbox 287 2535 1907 2587; baseline 0.001 -12"><span class='ocrx_word' id='word_1_287' title='bbox 287 2538 399 2576; x_wconf 92' lang='lat' dir='ltr'>tecta</span> <span class='ocrx_word' id='word_1_288' title='bbox 421 2535 689 2587; x_wconf 89' lang='lat' dir='ltr'>praedicant,</span> <span class='ocrx_word' id='word_1_289' title='bbox 713 2535 1063 2586; x_wconf 84' lang='lat' dir='ltr'>Societatemque</span> <span class='ocrx_word' id='word_1_290' title='bbox 1092 2537 1207 2576; x_wconf 85' lang='lat' dir='ltr'>hanc</span> <span class='ocrx_word' id='word_1_291' title='bbox 1238 2537 1466 2576; x_wconf 87' lang='lat' dir='ltr'>minimam</span> <span class='ocrx_word' id='word_1_292' title='bbox 1489 2538 1700 2584; x_wconf 87' lang='lat' dir='ltr'>nostram,</span> <span class='ocrx_word' id='word_1_293' title='bbox 1723 2537 1907 2587; x_wconf 87' lang='lat' dir='ltr'>eiusque</span> 
     </span>
     <span class='ocr_line' id='line_1_36' title="bbox 286 2600 1903 2652; baseline 0.001 -12"><span class='ocrx_word' id='word_1_294' title='bbox 286 2600 495 2640; x_wconf 87' lang='lat' dir='ltr'>exercitia</span> <span class='ocrx_word' id='word_1_295' title='bbox 515 2600 758 2640; x_wconf 89' lang='lat' dir='ltr'>christiano</span> <span class='ocrx_word' id='word_1_296' title='bbox 778 2600 953 2648; x_wconf 82' lang='lat' dir='ltr'>affectu,</span> <span class='ocrx_word' id='word_1_297' title='bbox 977 2601 1186 2641; x_wconf 88' lang='lat' dir='ltr'>laudibus</span> <span class='ocrx_word' id='word_1_298' title='bbox 1207 2602 1262 2641; x_wconf 92' lang='lat' dir='ltr'>ad</span> <span class='ocrx_word' id='word_1_299' title='bbox 1283 2602 1453 2641; x_wconf 91' lang='lat' dir='ltr'>coelum</span> <span class='ocrx_word' id='word_1_300' title='bbox 1476 2613 1617 2652; x_wconf 89' lang='lat' dir='ltr'>usque</span> <span class='ocrx_word' id='word_1_301' title='bbox 1638 2602 1903 2652; x_wconf 89' lang='lat' dir='ltr'>prouehunt.</span> 
     </span>
    </p>

    <p class='ocr_par' dir='ltr' id='par_1_5' title="bbox 285 2665 1906 2781">
     <span class='ocr_line' id='line_1_37' title="bbox 367 2665 1903 2717; baseline 0.001 -13"><span class='ocrx_word' id='word_1_302' title='bbox 367 2666 429 2706; x_wconf 82' lang='lat'>16.</span> <span class='ocrx_word' id='word_1_303' title='bbox 461 2665 536 2704; x_wconf 87' lang='lat' dir='ltr'>Est</span> <span class='ocrx_word' id='word_1_304' title='bbox 565 2667 766 2704; x_wconf 86' lang='lat' dir='ltr'>matrona</span> <span class='ocrx_word' id='word_1_305' title='bbox 794 2665 983 2716; x_wconf 88' lang='lat' dir='ltr'>quedam</span> <span class='ocrx_word' id='word_1_306' title='bbox 1004 2665 1118 2705; x_wconf 84' lang='lat' dir='ltr'>inter</span> <span class='ocrx_word' id='word_1_307' title='bbox 1138 2666 1249 2705; x_wconf 87' lang='lat' dir='ltr'>alias</span> <span class='ocrx_word' id='word_1_308' title='bbox 1273 2666 1534 2706; x_wconf 87' lang='lat' dir='ltr'>viennenses</span> <span class='ocrx_word' id='word_1_309' title='bbox 1553 2667 1754 2715; x_wconf 90' lang='lat' dir='ltr'>honesta,</span> <span class='ocrx_word' id='word_1_310' title='bbox 1777 2677 1903 2717; x_wconf 87' lang='lat' dir='ltr'>quae,</span> 
     </span>
     <span class='ocr_line' id='line_1_38' title="bbox 285 2729 1906 2781; baseline 0 -12"><span class='ocrx_word' id='word_1_311' title='bbox 285 2729 393 2769; x_wconf 88' lang='lat' dir='ltr'>dum</span> <span class='ocrx_word' id='word_1_312' title='bbox 436 2729 716 2769; x_wconf 86' lang='lat' dir='ltr'>afflictaretur</span> <span class='ocrx_word' id='word_1_313' title='bbox 746 2729 921 2780; x_wconf 86' lang='lat' dir='ltr'>magnis</span> <span class='ocrx_word' id='word_1_314' title='bbox 964 2730 1278 2778; x_wconf 84' lang='lat' dir='ltr'>anxietatibus,</span> <span class='ocrx_word' id='word_1_315' title='bbox 1323 2731 1485 2770; x_wconf 89' lang='lat' dir='ltr'>nullibi</span> <span class='ocrx_word' id='word_1_316' title='bbox 1529 2733 1651 2770; x_wconf 84' lang='lat' dir='ltr'>extra</span> <span class='ocrx_word' id='word_1_317' title='bbox 1693 2730 1906 2781; x_wconf 88' lang='lat' dir='ltr'>templum</span> 
     </span>
    </p>
   </div>
   <div class='ocr_carea' id='block_1_3' title="bbox 347 2876 1207 2918">
    <p class='ocr_par' dir='ltr' id='par_1_6' title="bbox 347 2876 1207 2918">
     <span class='ocr_line' id='line_1_39' title="bbox 347 2876 1207 2918; baseline 0.002 -10"><span class='ocrx_word' id='word_1_318' title='bbox 347 2885 366 2904; x_wconf 86' lang='lat' dir='ltr'>a</span> <span class='ocrx_word' id='word_1_319' title='bbox 385 2876 591 2909; x_wconf 88' lang='lat' dir='ltr'>christiano</span> <span class='ocrx_word' id='word_1_320' title='bbox 614 2885 685 2909; x_wconf 63' lang='lat' dir='ltr'>mc.</span> <span class='ocrx_word' id='word_1_321' title='bbox 710 2895 750 2898; x_wconf 97' lang='lat'><strong>—</strong></span> <span class='ocrx_word' id='word_1_322' title='bbox 772 2876 791 2903; x_wconf 91' lang='lat' dir='ltr'>b</span> <span class='ocrx_word' id='word_1_323' title='bbox 810 2876 935 2908; x_wconf 75' lang='lat' dir='ltr'>Prius</span> <span class='ocrx_word' id='word_1_324' title='bbox 959 2877 1207 2918; x_wconf 85' lang='lat' dir='ltr'>repurgaturi.</span> 
     </span>
    </p>
   </div>
   <div class='ocr_carea' id='block_1_4' title="bbox 346 3000 917 3088">
    <p class='ocr_par' dir='ltr' id='par_1_7' title="bbox 346 3000 917 3088">
     <span class='ocr_line' id='line_1_40' title="bbox 347 3000 917 3042; baseline -0.002 -9"><span class='ocrx_word' id='word_1_325' title='bbox 347 3004 357 3020; x_wconf 90' lang='lat'>¹</span> <span class='ocrx_word' id='word_1_326' title='bbox 381 3001 568 3034; x_wconf 85' lang='lat' dir='ltr'>Antonius</span> <span class='ocrx_word' id='word_1_327' title='bbox 590 3001 686 3033; x_wconf 86' lang='lat' dir='ltr'>Brus</span> <span class='ocrx_word' id='word_1_328' title='bbox 709 3010 731 3033; x_wconf 86' lang='lat' dir='ltr'>a</span> <span class='ocrx_word' id='word_1_329' title='bbox 753 3000 917 3042; x_wconf 87' lang='lat' dir='ltr'>Muglitz.</span> 
     </span>
     <span class='ocr_line' id='line_1_41' title="bbox 346 3053 849 3088; baseline 0 -2"><span class='ocrx_word' id='word_1_330' title='bbox 346 3056 359 3074; x_wconf 74' lang='lat'><em>2</em></span> <span class='ocrx_word' id='word_1_331' title='bbox 381 3054 418 3087; x_wconf 94' lang='lat' dir='ltr'>P.</span> <span class='ocrx_word' id='word_1_332' title='bbox 444 3054 681 3088; x_wconf 86' lang='lat' dir='ltr'>Christianus</span> <span class='ocrx_word' id='word_1_333' title='bbox 704 3053 849 3086; x_wconf 88' lang='lat' dir='ltr'>Rivius.</span> 
     </span>
    </p>
   </div>
  </div>
 </body>
</html>
