2028 3531
501 270 581 305 499.
610 288 651 294 -
679 270 894 307 Tcmussns
925 272 966 306 15
992 272 1163 308 Apmms
1193 273 1277 307 1561
1622 278 1686 311 193

101 387 227 427 fundi
258 388 416 439 coepit.
450 390 707 440 praesertim
737 391 853 441 quod
901 391 1040 430 multa
1070 391 1206 431 huius
1235 392 1433 432 ciuitatis
1469 395 1731 435 monialium

103 453 369 492 monasteria
390 456 580 493 statutas
609 455 695 494 sibi
718 455 837 506 leges
861 456 1040 495 minime
1070 459 1264 497 seruent.
1288 456 1528 507 Speramus
1549 460 1733 499 omuino

100 519 191 558 fore
238 518 448 558 omnibus
477 519 579 559 aliis
609 520 827 570 optimum
858 521 1096 572 exemplar.
1147 520 1339 572 [Rerum
1371 524 1633 563 tenuitatem
1663 539 1734 564 ea·—

98 585 226 623 cusat
255 585 295 623 et
324 585 570 637 valedicitl.
596 585 717 624 XVII
753 585 962 625 calendas
993 586 1092 636 Maij
1129 587 1245 626 1561.
1279 587 1341 626 Ex
1370 588 1578 628 mandato
1611 590 1660 629 R.
1689 591 1733 630 Ρ.

101 647 311 689 Hectoris.
1679 663 1684 667 ’

1203 740 1412 781 CAROLL'S
1452 742 1618 782 {incius
1650 746 1677 782 1.

854 1002 970 1050 499

442 1152 497 1203 P.
558 1152 974 1203 FRANCISCUS
1030 1153 1382 1204 ANTONIUS

601 1290 805 1316 TURRtBUs
834 1280 877 1316 15
904 1291 1066 1317 ΑΡΒῑιιε
1096 1281 1184 1316 1561
1213 1282 1238 1317 ’3.

92 1415 130 1450 1.
161 1412 379 1451 Doctrina
408 1413 660 1452 christiana
674 1413 841 1463 populo
872 1415 921 1452 in
952 1414 1112 1464 templo
1147 1415 1186 1453 et
1208 1416 1255 1453 in
1288 1415 1440 1464 platea
1470 1417 1728 1465 exponitur.

204 1478 287 1526 Qui
317 1480 366 1517 in
396 1491 570 1518 carcere
601 1479 871 1526 detinentur,
894 1480 934 1517 et
955 1480 1128 1530 aegroti
1158 1481 1442 1520 invisuntur.
1475 1481 1616 1519 Pater
1644 1494 1733 1521 rec-

201 1545 270 1582 tor
295 1556 376 1594 per
405 1544 805 1595 quadragesimam
835 1545 1035 1595 singulis
1066 1545 1230 1592 diebus,
1268 1557 1436 1595 inaqna
1468 1546 1732 1586 auditorum

198 1611 465 1660 frequentia,
497 1611 536 1649 et
568 1612 766 1649 maximo
797 1611 948 1660 fructu
977 1611 1280 1650 contionatur.
1313 1634 1362 1638 —
1395 1616 1436 1651 2.
1466 1613 1624 1663 Aliqui
1646 1626 1732 1663 pu-

200 1676 302 1714 blici
341 1676 508 1715 abusus
543 1677 853 1725 corriguntur.
887 1698 937 1702 —
969 1681 1009 1715 3.
1045 1676 1170 1715 Cives
1190 1678 1517 1727 frequentiores
1547 1679 1605 1717 ad
1632 1691 1732 1729 pae-

200 1742 417 1780 nitentiae
437 1742 774 1780 sacramentum
807 1743 1066 1781 accurrunt.
1099 1742 1292 1793 Aliquae
1319 1744 1602 1793 peccatorum
1633 1757 1732 1783 con-

204 1808 427 1846 versiones
448 1808 752 1857 exponuntur.
777 1830 822 1833 —
844 1811 888 1846 4.
915 1807 1080 1847 Crescit
1101 1810 1149 1847 in
1172 1808 1266 1847 dies
1297 1809 1416 1859 apud
1446 1811 1562 1848 cives
1592 1810 1731 1849 bouus

199 1873 434 1912 Societatis
464 1874 597 1920 odor,-
627 1875 704 1923 qui
734 1874 894 1912 midtis
926 1875 1209 1924 arqumentis
1240 1875 1594 1914 demonstratur.

174 2011 208 2049 l.
240 2011 270 2060 -ζ-
300 2009 389 2049 Ihs.
424 2009 515 2048 Pax
545 2008 664 2049 Chri.
698 2012 776 2049 ete.
809 2009 1028 2061 [Breviter
1048 2024 1092 2050 se
1131 2013 1411 2062 scripturum
1446 2013 1567 2052 dicit.
1617 2014 1730 2060 Qua-

92 2078 195 2116 tuor
214 2078 324 2115 socii
346 2077 467 2115 domi
486 2078 607 2125 sunt,
635 2078 713 2127 qui
742 2077 855 2115 bona
885 2078 1082 2116 utuntur
1110 2078 1368 2117 valetudine
1397 2079 1437 2116 et
1461 2079 1730 2129 perfectioni

90 2143 341 2193 religiosae,
374 2142 728 2192 reqularurnque
758 2142 1071 2191 observationi,
1105 2144 1326 2193 qucmtum
1363 2144 1474 2191 licet,
1515 2143 1727 2195 student]

90 2206 218 2256 Quod
247 2206 303 2246 ad
333 2208 567 2245 extraneos
597 2206 770 2251 attinet,
803 2206 942 2247 nullis
974 2218 1168 2258 vnquam
1200 2207 1397 2258 parcitur
1426 2208 1658 2248 laboribus
1679 2221 1728 2247 at·

90 2271 275 2323 vigilijs,
299 2273 347 2311 ut
369 2271 610 2322 proximos,
637 2271 767 2322 juxta
797 2274 975 2311 nostrae
1005 2272 1239 2312 Societatis
1269 2273 1533 2321 ministeria,
1567 2274 1611 2312 in
1642 2274 1729 2324 spi-

90 2337 331 2377 ritualibus
360 2337 649 2387 adjnvemus3
682 2337 834 2388 sicque
864 2349 980 2377 vnus
1000 2350 1053 2377 ex
1080 2338 1246 2378 nostris
1275 2338 1496 2389 inceptam
1528 2339 1728 2390 decalogi

88 2402 429 2453 explicationem
462 2402 509 2441 in
539 2405 692 2442 nostro
722 2402 887 2453 templo
918 2403 1112 2454 singulis
1150 2403 1389 2443 dominicis
1429 2404 1587 2444 diebus
1629 2406 1727 2455 post

90 2468 328 2519 prandium
376 2470 442 2507 est
476 2470 788 2519 prosequutus.
834 2468 872 2507 A
903 2468 1141 2508 traditione
1185 2469 1413 2509 doctrinae
1457 2469 1728 2509 christianae

90 2535 183 2572 tum
214 2533 262 2572 in
291 2534 453 2584 platea,
486 2535 581 2573 tum
620 2533 741 2573 domi
773 2535 964 2574 nostrae.
997 2534 1180 2573 minime
1210 2537 1422 2575 cessatur.
1464 2534 1729 2574 lnuisuntur

90 2599 343 2649 frequenter
363 2612 387 2638 a
409 2599 575 2638 nostris
595 2611 791 2639 carceres
821 2601 860 2638 et
893 2599 1235 2650 xenodochium,
1271 2601 1584 2651 proximosque
1614 2600 1727 2639 inibi

88 2663 292 2702 detentos
322 2663 486 2714 passim
519 2663 761 2714 adjuuant3
795 2666 889 2703 tum
920 2663 966 2702 in
1010 2664 1249 2704 edocendis
1279 2664 1349 2714 ijs,
1382 2677 1496 2715 quae
1525 2664 1580 2703 ad
1610 2664 1727 2703 chri-

88 2727 281 2767 stianam
324 2728 571 2768 doctrinam
611 2729 848 2779 pertinent,
880 2730 974 2768 tum
1005 2729 1052 2768 in
1081 2741 1235 2769 eorum
1256 2729 1616 2769 confessionibus
1650 2742 1727 2769 au-

87 2792 278 2841 diendis,
311 2795 403 2833 tum
435 2793 569 2833 etiam
599 2793 765 2833 eisdem
795 2794 848 2833 de
877 2794 1063 2833 salutari
1096 2795 1290 2834 remedio
1322 2794 1548 2834 multoties
1579 2794 1728 2845 proui-

150 3019 160 3035 ¹
186 3017 237 3050 De
261 3017 443 3059 epistolae
467 3019 617 3051 auctore
640 3019 724 3051 vide
750 3018 845 3051 Litt.
877 3018 1084 3057 Quaclriw.
1109 3019 1169 3052 VI.
1195 3020 1266 3050 240.

152 3073 164 3090 ²
186 3071 239 3102 Ex
263 3072 410 3113 autogr.
437 3072 476 3103 in
500 3072 580 3104 cod.
606 3072 772 3104 Sao-ain.
798 3072 857 3105 13.
882 3071 918 3104 ff.
942 3072 1060 3107 85-862
1086 3073 1192 3113 prius
1215 3073 1364 3104 472-473.

161 3158 319 3187 LITTERAE
347 3159 625 3193 anmmzsmzs.
647 3177 678 3180 -
699 3160 779 3187 Tou.
802 3160 868 3187 Vll.
1622 3162 1655 3189 13
