2028 3531
351 253 422 289 278
824 256 1029 295 ΙΛΤΤΕΒΑΕ
1063 259 1407 304 ΩυΑι)κιΜκεΤΒΕ8

410 375 570 422 mensi,
601 376 815 425 episcopis
845 378 1076 417 viennensi
1095 381 1134 418 et
1155 381 1455 428 mali-utiensi,
1478 382 1668 431 aliisque
1686 385 1924 433 primariis

411 439 524 475 viris
555 438 850 487 adstantibus,
894 441 1238 481 sollemnissime
1280 445 1531 494 peragitur.
1566 446 1696 485 Tanti
1732 447 1924 498 hospites

405 503 506 551 post
532 503 781 551 prandium
809 505 1039 555 inqenioso
1086 508 1189 545 lusu
1227 509 1501 549 recreantur.
1538 532 1582 537 —
1613 514 1654 549 3.
1684 512 1924 552 Duodecim

411 568 520 605 socii
560 569 902 618 peregrinatum
945 572 1212 611 mittuntur:
1259 573 1298 610 et
1331 573 1452 621 felici
1498 575 1676 624 quidem
1704 589 1921 616 successu.

413 652 461 657 —
489 635 533 670 4.
569 631 784 672 Caritatis
827 647 959 685 opera
988 638 1036 675 in
1065 638 1352 676 sublevandis
1387 640 1676 689 pauperibus,
1717 644 1923 692 aegrotis,

410 696 719 736 incarceratis.
751 699 890 738 Paces
919 702 1075 740 initae.
1108 724 1157 728 —
1188 706 1229 740 5.
1272 703 1363 741 Per
1405 703 1692 744 bacchanalia
1733 708 1772 745 et
1811 720 1923 757 qua-

413 760 716 810 dragesimam
745 766 854 803 socii
883 766 1121 805 turmatim
1163 767 1405 817 palamque
1447 781 1492 807 se
1537 771 1781 820 flagellant,
1818 785 1926 822 quos

412 825 592 864 alumni
621 828 788 876 fervide
817 831 1073 869 imitantur.
1104 854 1154 858 —
1184 837 1225 870 6.
1261 833 1480 879 Quattuor
1507 836 1617 874 socii
1662 838 1806 875 sacris
1839 839 1926 876 ini-

413 891 602 930 tiantur.
633 892 684 930 P.
717 894 876 933 Rector
903 896 1163 936 sollemnem
1186 899 1512 947 professionem
1545 902 1666 940 vovet
1687 903 1928 952 multiplici

409 957 659 1003 praemisso
687 960 893 998 exercitio
921 961 1208 1001 humilitatis.
1240 984 1288 988 —
1321 966 1360 1001 7.
1389 964 1453 1001 De
1480 966 1669 1004 noviciis
1689 978 1928 1016 eorumque

411 1021 710 1061 institutione.
756 1046 805 1050 —
843 1029 885 1063 8.
932 1027 995 1064 De
1042 1027 1223 1076 collegio
1270 1040 1397 1068 novo,
1448 1028 1613 1068 Plures
1660 1032 1928 1071 convictores

413 1087 593 1126 admitti
621 1091 818 1139 cupiunt,
852 1103 984 1140 quam
1015 1105 1124 1142 quos
1155 1094 1281 1132 aedes
1311 1096 1529 1144 anglustae
1567 1108 1719 1146 capere
1745 1099 1924 1147 posunt.

412 1173 464 1177 —
493 1155 535 1190 9.
565 1154 628 1192 De
668 1154 829 1193 scholis
859 1157 900 1195 et
941 1157 1309 1197 scholasticorum
1337 1161 1388 1198 in
1418 1160 1581 1199 litteris
1619 1162 1659 1200 et
1687 1163 1929 1202 virtutibus

410 1228 676 1266 progressu;
696 1232 888 1269 quorum
910 1223 1065 1272 aliqua
1085 1225 1262 1273 eyreyia
1284 1237 1417 1274 opera
1437 1227 1729 1265 enarrantur.
1753 1228 1930 1278 Iosephi

413 1283 637 1322 comoedia
665 1297 766 1323 cum
807 1288 980 1336 ingenti
1019 1289 1242 1338 applausu
1285 1291 1451 1339 agitur.
1484 1313 1530 1318 —
1562 1294 1632 1330 10.
1671 1292 1766 1331 Viri
1803 1294 1842 1332 et
1872 1294 1930 1342 fe-

413 1349 563 1386 minae
592 1349 842 1399 frequentes
873 1353 930 1390 ad
958 1355 1242 1393 sacramenta
1273 1356 1496 1395 accedunt.
1534 1356 1734 1396 Curatur
1761 1359 1811 1397 ut
1858 1371 1930 1397 ae-

412 1413 532 1461 groti
560 1414 598 1451 et
629 1415 830 1464 impediti
859 1417 1043 1456 iubilaei
1071 1420 1269 1468 eqratiam
1300 1422 1616 1470 assequantur.
1651 1422 1828 1462 Abusus
1849 1424 1929 1462 tol-

416 1477 588 1516 luntur.
620 1501 671 1505 ——
712 1484 775 1519 11.
810 1481 1044 1522 Contiones
1087 1497 1187 1522 cum
1229 1485 1381 1533 fructu
1422 1486 1653 1525 habentur.
1686 1509 1736 1513 —
1769 1491 1839 1526 12.
1868 1489 1931 1527 De

418 1541 636 1590 Caesaris,
686 1545 737 1583 de
779 1547 1110 1587 Maximilliani
1152 1550 1191 1587 et
1235 1550 1433 1589 aliorum
1474 1563 1581 1601 erya
1626 1554 1768 1591 socios
1810 1553 1929 1592 bene-

414 1608 622 1647 volentia.

390 1732 425 1770 1.
459 1731 621 1771 Exacta
662 1733 999 1784 quadrimestris
1029 1736 1158 1787 spatij
1193 1737 1400 1787 periodus
1439 1740 1635 1789 postulat
1665 1742 1710 1779 vt
1738 1741 1930 1780 caesarei

309 1796 446 1835 huius
487 1796 660 1848 collegij
694 1810 777 1843 res,
811 1799 900 1839 Deo
930 1799 1009 1850 Op.
1044 1801 1155 1841 Max.
1189 1802 1298 1841 duce
1341 1805 1502 1853 gestas,
1534 1804 1727 1844 breuiter
1759 1817 1809 1845 ac
1839 1817 1932 1856 per-

309 1862 461 1913 spicue
490 1862 540 1902 R.
573 1863 619 1902 P.
652 1864 934 1914 explicemus.
980 1866 1166 1906 Doctore
1197 1868 1362 1908 Ioanne
1391 1869 1537 1909 Zeidel
1567 1877 1585 1896 a
1619 1873 1662 1910 et
1704 1871 1932 1911 Anthonio

310 1927 501 1967 Flandro
521 1929 729 1979 exceptis,
751 1930 827 1980 qui
849 1930 1105 1970 Tirnauiam
1136 1933 1239 1983 nouj
1274 1933 1320 1972 in
1342 1934 1571 1985 Hungaria
1601 1935 1818 1976 fundandi
1847 1936 1933 1976 col-

309 1992 411 2043 legij
444 2004 593 2038 causa,
627 1993 751 2033 missi
781 1997 900 2042 sunt,
933 1996 1130 2036 Vniuersi
1161 2009 1346 2038 numero
1388 2000 1714 2051 quinquaginta
1744 2001 1832 2041 duo
1861 2001 1933 2041 hic

309 2069 488 2096 sumus:
522 2057 637 2097 inter
664 2070 776 2109 quos
803 2060 848 2098 11
871 2061 1119 2100 sacerdotes
1149 2061 1167 2087 b
1202 2063 1399 2103 existunt
1427 2072 1442 2090 0
1465 2096 1474 2111 ,
1507 2067 1553 2104 vt
1582 2065 1778 2105 nouitios
1807 2066 1934 2105 omit-

309 2124 470 2161 tamus.
503 2121 626 2172 Quod
659 2123 714 2162 ad
743 2123 1018 2174 spiritualem
1049 2127 1246 2166 omnium
1279 2129 1522 2178 profectum
1552 2130 1723 2177 attinet,
1755 2133 1934 2170 curatur

309 2186 560 2237 diligenter,
602 2189 647 2226 vt
689 2187 735 2226 in
778 2189 986 2229 omnibus
1023 2197 1189 2239 φιλαυτία
1240 2205 1292 2232 ex
1339 2194 1503 2233 nostris
1551 2195 1713 2234 animis
1760 2195 1930 2242 euulsa,

310 2251 358 2290 in
406 2251 602 2302 preclara
649 2253 942 2300 obedientiae,
996 2256 1313 2297 submissionis
1359 2270 1410 2298 ac
1466 2259 1739 2310 paupertatis
1785 2259 1933 2299 studia

310 2316 636 2356 incumbamus.
670 2317 738 2356 Ad
767 2318 885 2368 quod
915 2331 1005 2358 non
1036 2321 1331 2370 poenitentiae
1365 2325 1538 2363 tantum
1580 2324 1799 2374 publicae,
1843 2335 1934 2363 cre-

312 2381 504 2432 braeque
532 2382 884 2431 exhortationes,
918 2396 1069 2424 verum
1099 2386 1232 2426 etiam
1274 2389 1494 2436 votorum,
1535 2389 1700 2440 quibus
1729 2401 1781 2428 ex
1810 2389 1935 2428 insti—

312 2448 408 2485 tuto
437 2445 669 2486 Societatis
711 2447 879 2487 astricti
910 2460 1080 2497 sumus,
1113 2450 1474 2501 instaurationes,
1506 2456 1638 2505 atque
1667 2454 1713 2493 in
1743 2453 1935 2505 peregri-

312 2510 554 2559 nationem,
585 2523 780 2552 carceres
808 2515 850 2552 et
879 2513 933 2553 ad
963 2515 1238 2555 xenodochia
1272 2517 1522 2566 missiones,
1562 2519 1804 2569 plurimum
1846 2530 1936 2558 mo-

315 2576 450 2615 menti
471 2576 689 2617 adferunt.
712 2576 886 2628 Singuli
907 2579 1223 2628 confessiones,
1246 2594 1357 2633 quas
1386 2583 1614 2633 generales
1642 2584 1933 2634 appellamus,

314 2640 562 2687 instituere,
594 2640 668 2692 alij
700 2641 976 2693 disciplinas,
1007 2644 1082 2694 alij
1128 2645 1240 2685 alias
1271 2647 1580 2697 poenitentias,
1611 2648 1775 2699 quibus
1817 2650 1936 2688 ante-

314 2707 436 2744 actae
478 2705 595 2745 vitae
636 2706 832 2746 defectus
873 2707 1108 2756 diluerent,
1140 2709 1225 2749 sibi
1255 2711 1435 2750 concedi
1470 2712 1751 2752 vehementer
1787 2714 1936 2763 postu-

315 2770 478 2810 larunt.

394 2836 433 2875 92.
466 2836 642 2876 Festum
664 2836 1024 2877 Circumcisionis
1045 2838 1238 2891 Dominj,
1262 2841 1309 2880 in
1334 2853 1423 2892 quo
1452 2854 1576 2882 sacra
1605 2844 1708 2882 vota
1735 2853 1788 2882 ex
1818 2854 1937 2882 more

317 2900 649 2951 renouauimus,
681 2902 765 2942 hoc
793 2904 873 2950 est,
905 2902 1063 2942 festum
1095 2905 1290 2945 nominis
1322 2906 1434 2954 lesu,
1471 2907 1589 2958 apud
1631 2919 1713 2947 nos
1755 2906 1936 2946 maximi

379 3044 397 3062 a
429 3037 529 3069 Zeidl
551 3037 595 3070 B.
620 3038 685 3070 liic
707 3040 743 3071 et
765 3038 953 3080 inferius.
977 3057 1017 3061 —
1041 3043 1059 3070 b
1091 3039 1171 3073 Del.
1197 3049 1338 3073 sumus.
1358 3059 1398 3064 —
1414 3050 1429 3068 c
1459 3041 1541 3074 Del.
1566 3042 1730 3074 curatur.
