2028 3531
346 284 416 319 576
820 284 1023 321 errssnm:
1050 286 1394 330 QuAnnliffls'rnsss

302 404 451 441 nostra
474 402 518 441 in
539 402 722 442 ecclesia
742 403 1037 443 conscientias
1067 415 1171 443 suas
1202 407 1396 443 reserant
1427 412 1459 451 ²¹,
1490 417 1540 445 ac
1569 405 1696 446 sinus
1721 407 1918 447 crebrius

302 467 465 506 nostris
493 467 742 513 effundunt,
774 470 815 507 et
845 470 1002 508 octauo
1041 480 1216 519 quoque
1252 468 1322 507 ‹lie
1357 469 1654 517 comunicant,
1685 473 1789 510 sunt
1819 471 1919 522 plus

302 533 449 572 minus
495 533 687 572 ducenti.
738 532 878 582 Quam
923 533 995 572 isti
1041 545 1208 576 omnes.
1255 534 1547 573 saluberrima
1590 535 1919 586 frequentantes

299 599 588 641 sacramenta,
622 597 779 648 ingens
809 598 989 637 fecerint
1020 599 1063 637 in
1096 598 1257 637 virtute
1295 610 1425 648 opere
1463 599 1673 650 precium,
1710 600 1825 640 vitae
1855 613 1920 641 ra-

300 662 419 701 tione
449 662 495 701 in
528 662 684 701 melius
724 665 1002 713 permuttata,
1042 663 1107 702 vel
1138 675 1189 701 ex
1220 663 1303 702 hoc
1337 663 1464 703 liceat
1510 664 1787 714 potissimum
1827 678 1919 717 per-

299 727 489 777 spicere;
522 727 641 766 haud
672 726 847 777 priuato
876 727 1039 778 quippe
1073 728 1371 767 emolumento
1408 729 1618 776 contenti,
1651 729 1763 769 alios
1791 730 1845 770 ad
1876 731 1918 770 id

300 791 445 842 ipsum
477 791 700 842 impellere
720 794 763 831 et
784 792 1011 831 inflamare
1044 793 1276 840 festinant3
1309 793 1427 843 quod
1456 793 1593 833 dubio
1623 795 1774 845 procul
1803 807 1919 835 asse-

299 858 510 907 quuntur.
544 855 627 905 Qui
657 856 1017 903 solemnioribus,
1041 859 1082 896 et
1105 859 1314 896 festorum
1346 857 1517 904 diebus,
1552 858 1685 898 veluti
1715 859 1919 910 deiparae

299 920 497 971 Virginis
525 923 566 960 et
597 921 928 971 Apostolorum,
974 921 1264 961 sacramentis
1306 921 1553 972 indulgent,
1598 935 1809 964 numerus
1851 937 1918 965 ac—

298 985 467 1025 crescit.
500 984 676 1024 Christo
705 985 761 1024 sit
792 987 970 1024 aeterna
999 986 1112 1026 laus.
1153 986 1228 1037 qui
1259 988 1347 1025 tam
1380 987 1698 1037 presentissimi
1738 989 1916 1041 remedij

298 1050 352 1089 ad
382 1050 722 1101 comparandam
758 1052 800 1089 et
838 1050 1110 1090 retinendam
1154 1051 1223 1090 sui
1267 1051 1526 1090 charitatem
1570 1053 1796 1102 pervtilem
1841 1054 1918 1094 im·

298 1114 487 1165 partitur
515 1114 755 1154 notionem.
790 1114 870 1154 Hic
900 1115 1080 1154 Patrum
1101 1117 1353 1155 nostrorum
1376 1116 1429 1155 ad
1452 1116 1543 1155 illis
1562 1118 1917 1159 subueniendum

296 1179 473 1218 animus
502 1178 521 1205 b
560 1178 868 1229 paratissimus
912 1180 1049 1219 nullis
1094 1180 1356 1219 manifestus
1398 1193 1488 1220 non
1526 1183 1603 1222 est.
1638 1181 1734 1231 Quo
1776 1183 1838 1231 fit,
1871 1186 1919 1224 ut

297 1244 493 1283 marchio
524 1244 619 1294 ipsa
650 1246 678 1291 1,
709 1245 889 1295 totaque
924 1244 1020 1283 eius
1055 1247 1097 1284 et
1137 1245 1369 1295 progenies
1398 1247 1440 1285 et
1469 1246 1637 1285 familia
1668 1248 1832 1287 nostris
1861 1248 1918 1288 sit

296 1308 527 1348 affectione
571 1308 681 1347 mira
722 1308 983 1356 coniuncta;
1032 1321 1202 1348 necnon
1242 1312 1284 1349 et
1328 1310 1421 1360 ipse
1466 1310 1672 1361 populus,
1704 1312 1759 1351 ad
1788 1324 1917 1364 quem

295 1385 393 1413 cum
443 1372 729 1424 euangelicus
772 1373 846 1412 ille
892 1385 1018 1424 preco
1064 1374 1182 1413 haud
1238 1374 1451 1425 vulgaris,
1506 1375 1716 1425 magister
1768 1376 1916 1426 Auila,

295 1437 546 1477 contionem
576 1438 771 1485 haberet,
808 1438 1006 1477 foelicem
1046 1439 1232 1478 eundem
1272 1439 1499 1479 Montillae
1538 1441 1750 1491 populum
1789 1442 1915 1491 dixit,

295 1502 366 1542 cui
396 1501 628 1542 Societatis
665 1502 900 1553 collegium
940 1503 985 1542 in
1024 1515 1149 1542 suam
1190 1503 1323 1554 recipi
1359 1505 1674 1555 rempublicam
1718 1506 1916 1558 contigit.

296 1567 377 1607 Tot
406 1567 540 1614 enim,
572 1567 732 1618 inquit,
766 1579 843 1607 vos
872 1568 1033 1607 habere
1063 1568 1284 1619 mancipia
1314 1569 1483 1608 debetis
1513 1569 1780 1619 existimare,
1811 1573 1919 1623 quot

296 1632 455 1672 videtis
483 1634 585 1671 ante
606 1632 834 1672 domorum
860 1635 1103 1672 vestrarum
1125 1633 1283 1672 ianuas
1308 1632 1540 1673 Societatis
1560 1634 1680 1674 viros
1701 1638 1919 1686 pertrans-

296 1697 372 1737 ire.
405 1697 555 1748 Neque
585 1697 632 1736 in
661 1697 744 1736 hoc
774 1698 867 1736 falli
898 1709 944 1737 se
987 1700 1101 1737 certe
1141 1700 1311 1749 putant.
1354 1698 1692 1750 Componuntur
1728 1700 1845 1740 enim
1892 1714 1918 1741 a

296 1762 462 1802 nostris
489 1774 590 1802 cum
620 1762 698 1801 Dei
729 1762 869 1813 gratia
899 1762 1066 1802 ciuium
1107 1763 1222 1810 lites,
1263 1763 1482 1803 tolluntur
1512 1764 1676 1815 jurgia,
1714 1765 1919 1806 visuntur

296 1839 492 1878 carceres
535 1829 576 1867 et
620 1827 874 1878 hospitalia,
920 1828 993 1867 vbi
1028 1830 1070 1867 et
1098 1828 1227 1880 officij
1259 1831 1301 1868 et
1340 1829 1517 1879 pietatis
1559 1830 1747 1870 habetur
1788 1831 1915 1872 ratio.

296 1892 414 1943 Quin
443 1900 457 1918 ⁰
487 1895 529 1932 et
558 1904 636 1943 pro
666 1892 979 1943 extinguendis
1010 1905 1252 1944 pauperum
1282 1893 1452 1941 litibus,
1476 1894 1513 1934 si
1544 1895 1722 1946 quando
1751 1907 1776 1935 a
1806 1895 1918 1936 diui·

296 1958 416 1998 tibus
445 1957 768 2009 opprimantur,
800 1959 876 1997 aut
905 1960 1096 2008 egestate
1141 1958 1356 2004 laborent,
1402 1959 1550 1999 aditur
1591 1960 1788 2000 marchio
1822 1960 1917 2012 ipsa

295 2035 320 2062 a
341 2023 520 2071 nostris,
543 2022 671 2062 cuius
692 2022 753 2061 rei
775 2021 934 2062 certior
964 2022 1091 2070 facta,
1124 2023 1297 2062 nullum
1331 2035 1418 2062 non
1448 2024 1629 2064 adhibet
1658 2025 1913 2065 huiusmodi

294 2087 624 2127 calamitatibus
654 2087 910 2126 remedium.
944 2087 1089 2138 Atque
1120 2087 1322 2138 ipsamet,
1355 2088 1391 2127 si
1423 2088 1659 2140 quicquam
1691 2090 1801 2130 forte
1831 2090 1916 2129 dis-

295 2153 398 2192 sidii
428 2152 446 2178 d
472 2153 587 2192 inter
615 2164 662 2192 se
691 2163 740 2191 ac
769 2151 885 2191 filios
919 2152 1135 2192 oriturum
1177 2153 1474 2193 subodoratur
1514 2156 1643 2205 (quae
1681 2155 1823 2206 ipsius
1851 2158 1917 2195 est

296 2217 342 2256 in
371 2229 452 2257 sua
482 2217 667 2268 pignora
697 2216 862 2256 amoris
891 2216 1155 2265 teneritudo,
1179 2229 1408 2269 nunquam
1431 2219 1474 2258 id
1500 2221 1729 2259 venturum
1762 2220 1917 2259 timen-

295 2283 400 2322 dum
429 2284 512 2330 est,
542 2294 593 2321 eo
622 2281 739 2332 quod
771 2281 941 2332 parenti
985 2293 1091 2320 suae
1135 2282 1551 2333 indulgentissimae
1594 2284 1672 2335 filij
1719 2284 1823 2332 sint,
1869 2287 1915 2325 ut

295 2347 445 2398 magni
475 2346 697 2398 principes
727 2346 788 2385 ita
816 2348 858 2385 et
887 2345 1272 2398 obedientissimi),
1304 2347 1453 2386 statim
1484 2349 1538 2387 ad
1570 2351 1744 2389 nostros
1775 2361 1917 2389 recur-

296 2413 353 2452 rit
385 2420 416 2459 θ,
448 2412 577 2464 quasi
595 2423 753 2463 parens
783 2411 796 2436 f
820 2410 914 2450 suis
936 2411 1052 2450 natis
1073 2411 1283 2458 efficiens,
1307 2424 1445 2463 eaque
1474 2420 1491 2446 g
1513 2414 1780 2460 manifestat,
1803 2425 1916 2465 quae

296 2478 384 2517 imo
413 2477 608 2517 insident
637 2475 655 2502 ¹¹
687 2475 872 2527 pectori;
907 2476 1068 2514 bonam
1099 2476 1309 2516 nimirum
1345 2477 1415 2517 sui
1446 2478 1592 2529 solatij
1626 2481 1791 2529 partem
1821 2490 1917 2518 esse

295 2545 389 2582 rata
431 2543 484 2582 de
513 2542 584 2581 his
615 2542 746 2581 rebus
776 2552 875 2580 cum
915 2540 1079 2579 nostris
1122 2553 1264 2591 agere.
1298 2542 1360 2581 De
1390 2543 1547 2582 maiori
1591 2545 1737 2583 autem
1780 2543 1915 2584 huius

294 2608 453 2648 domus
496 2607 794 2646 emolumento
836 2604 969 2644 anxia
1012 2605 1291 2656 sollicitaque
1334 2618 1506 2658 semper
1547 2610 1679 2648 extat.
1730 2607 1838 2648 Cum
1869 2609 1915 2649 in

357 2810 375 2830 a
394 2802 518 2834 Prius
541 2801 738 2834 resserant.
756 2819 792 2822 —
815 2799 833 2826 b
853 2798 1014 2831 Emend.
1039 2808 1085 2831 ex
1101 2799 1249 2832 animis.
1278 2818 1317 2822 —
1340 2807 1356 2828 c
1375 2800 1536 2834 Emend.
1561 2811 1608 2834 εει)
1630 2802 1732 2843 quim
1755 2822 1794 2825 —
1814 2802 1833 2830 d
1856 2804 1915 2836 de-
1951 2820 1953 2823 ·

295 2855 379 2896 sidij
398 2864 468 2888 ms.
493 2874 532 2877 —
556 2863 571 2881 e
591 2853 715 2886 Prius
731 2852 905 2885 decurrit.
930 2870 969 2873 —
993 2852 1005 2877 s
1029 2860 1135 2892 pares
1159 2851 1203 2883 Α.
1229 2871 1267 2874 -
1290 2861 1309 2886 g
1329 2862 1371 2885 ea
1387 2862 1483 2894 quae
1499 2863 1569 2887 ms.
1588 2873 1627 2877 —-
1644 2854 1661 2881 h
1683 2855 1850 2888 insidens
1866 2855 1912 2887 A.

357 3047 366 3064 ¹
389 3045 593 3078 Catharina
616 3042 825 3075 Fernandez
848 3042 892 3073 de
914 3040 1090 3079 cordoba,
1115 3041 1279 3073 marchio
1301 3042 1345 3074 de
1368 3042 1507 3084 Priego,
1537 3043 1682 3084 collegii
1711 3043 1910 3077 fundatrix.
