2028 3531
304 303 374 339 490
776 304 978 341 Llrrssma
1013 304 1356 349 QUADmMESTRES

1010 532 1121 580 569

681 684 733 734 Ρ.
793 683 1084 734 ΙΟΑΝΝΕ5
1141 682 1476 733 ROGELIUS

743 820 895 845 TOLETo
924 810 940 845 1
969 818 1216 845 SEPTEMBRIS
1244 808 1331 843 1561
1358 808 1381 843 ¹.

258 931 295 966 1.
328 929 579 978 Disciplina
621 929 848 978 religiosa.
882 951 931 955 —
976 929 1259 967 Novitiornm
1302 928 1543 967 institutio.
1590 950 1639 955 —
1678 932 1719 967 2.
1754 927 1876 967 Cives

365 994 615 1043 frequentes
646 994 702 1032 acl
730 995 1028 1032 sacramenta.
1062 1016 1109 1019 —
1140 993 1434 1042 Pauperibus,
1472 993 1646 1040 vinctis,
1676 995 1877 1043 graviter

366 1058 700 1107 aegrotantibus
731 1059 977 1097 assistitur.
1010 1058 1178 1096 Mulier
1198 1059 1439 1108 apeccato;
1467 1059 1664 1097 maritus
1693 1058 1744 1097 ab
1767 1070 1876 1097 uxo-

365 1124 432 1160 ris
474 1122 761 1162 damnatione
803 1123 1087 1172 procuranda
1132 1123 1366 1161 avertitur.
1407 1145 1458 1149 —
1501 1127 1542 1161 3.
1573 1121 1691 1162 Socii
1723 1123 1876 1162 sedulo

365 1188 414 1226 in
459 1187 700 1237 theologiae
741 1188 941 1226 studium
985 1187 1258 1226 incumbunt.
1291 1209 1340 1214 —
1368 1191 1412 1226 4.
1441 1188 1612 1226 Doinns
1654 1189 1701 1226 in
1731 1188 1877 1226 media

365 1252 470 1290 ‘urbe
499 1253 675 1291 emitur.

342 1368 377 1406 1.
409 1369 438 1417 η’-
465 1367 561 1408 JhS.
607 1367 856 1407 Admodum
904 1367 998 1408 R.de
1029 1368 1074 1407 in
1119 1367 1248 1408 Chro.
1287 1368 1429 1408 Pater.
1463 1368 1553 1407 Pax
1596 1367 1759 1408 Christi
1794 1370 1873 1408 etc.

263 1432 396 1484 [Dicit
424 1446 469 1472 se
499 1434 686 1473 breviter
715 1433 1026 1485 scripturum]

366 1497 430 1537 Ac
472 1497 679 1548 primum,
711 1509 867 1537 sumus
908 1498 991 1537 hoc
1033 1500 1227 1548 tempore
1269 1498 1414 1548 pauci,
1460 1498 1537 1538 sed
1579 1499 1704 1544 bene,
1737 1498 1877 1550 gloria

261 1561 452 1608 Christo,
483 1562 699 1613 occupati.
734 1562 908 1614 [Cuncti
930 1565 986 1602 ad
1015 1565 1274 1614 religiosam
1293 1565 1608 1614 perlectionem
1638 1563 1876 1616 aspirant]

367 1627 479 1667 Sunt
507 1627 715 1666 nonnulli
744 1627 904 1679 nouitij
936 1627 1070 1676 domi,
1094 1639 1206 1678 quos
1235 1628 1417 1678 quidam
1446 1629 1650 1668 sacerdos
1680 1629 1878 1679 quotidie

260 1704 347 1731 vna
376 1694 665 1743 congregatos
686 1692 881 1739 instruit,
904 1693 1097 1742 quodam
1122 1693 1345 1743 spirituali
1366 1693 1480 1733 libro
1500 1693 1564 1733 eis
1592 1693 1875 1744 exponend0;

261 1769 446 1808 quorum
479 1757 647 1796 fructus
677 1757 724 1796 in
753 1757 996 1796 tolerandis
1016 1757 1245 1797 laboribus
1270 1758 1499 1809 perspicue
1528 1758 1743 1798 enitescit.
1778 1759 1879 1798 Pro·

261 1821 442 1871 ponitur
483 1821 615 1860 etiam
645 1821 755 1872 ipsis
799 1821 1039 1860 meditandi
1084 1822 1282 1870 materia,
1314 1822 1442 1862 cuius
1471 1823 1629 1862 deinde
1663 1823 1878 1862 rationem

261 1886 440 1926 reddere
482 1888 805 1932 consuescunt;
838 1886 979 1926 edocti
1022 1887 1137 1926 nihil
1167 1888 1425 1927 tentationis
1463 1888 1620 1927 debere
1657 1888 1879 1928 occultum

262 1951 456 1997 retineri,
488 1951 608 2001 quod
636 1951 695 1990 sit
724 1951 770 1989 in
800 1951 909 2001 ipsis
942 1951 1198 2002 detegendis
1227 1952 1396 1992 vtilitas
1426 1952 1717 2003 amplissima.

341 2015 379 2055 2.
411 2015 667 2055 Sacerdotes
709 2027 885 2066 quoque
914 2027 960 2055 se
1008 2016 1053 2054 in
1083 2016 1176 2055 suis
1220 2017 1481 2068 ministerijs
1522 2020 1733 2068 perpetuo
1762 2029 1880 2057 exer-

261 2082 375 2126 cent,
398 2082 520 2119 tanta
548 2080 853 2119 confitentium
883 2080 1010 2131 copia
1038 2084 1338 2128 concurrente,
1366 2085 1578 2133 quantam
1608 2082 1711 2133 alijs
1739 2083 1879 2122 literis

263 2144 510 2195 intelligere
544 2144 592 2184 T.
628 2145 674 2184 P.
707 2144 874 2195 potuit;
906 2146 949 2183 et
978 2157 1076 2184 cum
1108 2145 1213 2185 hinc
1241 2146 1525 2186 discesserint
1553 2147 1880 2187 contionatores

263 2209 551 2249 famosissimi
580 2210 610 2257 ²,
633 2209 797 2260 quibus
827 2210 908 2249 hoc
939 2210 1210 2260 frequentiae
1240 2212 1498 2251 beneficium
1530 2214 1757 2263 acceptum
1778 2212 1880 2252 ferri

264 2286 394 2325 posse
430 2274 675 2321 videbatur,
707 2275 750 2313 et
791 2276 1014 2325 praeterea
1056 2275 1179 2314 curia
1220 2287 1273 2315 ex
1314 2276 1398 2316 hac
1439 2277 1545 2316 vrbe
1587 2277 1675 2316 iam
1718 2277 1879 2316 disces-

264 2340 370 2379 serit
399 2341 428 2387 3,
460 2351 513 2379 ex
541 2351 630 2390 qua
658 2339 840 2390 plurimi
870 2340 924 2379 ad
955 2352 1035 2379 nos
1065 2341 1285 2380 confluere
1315 2342 1544 2390 solebant;
1576 2345 1724 2382 tamen
1761 2342 1880 2381 nihi-

265 2404 462 2444 lominus
490 2406 642 2444 tantus
672 2406 738 2444 est
766 2416 1025 2451 concursus,
1051 2407 1095 2444 vt
1124 2406 1334 2446 omnibus
1363 2407 1521 2447 diebus
1541 2407 1670 2447 nobis
1699 2419 1882 2458 occupa-

263 2470 430 2509 tionem
458 2469 699 2520 praebeant
719 2481 809 2509 non
830 2469 1049 2520 exiguam.
1072 2470 1359 2510 Xenodochia
1378 2474 1603 2523 praeterea
1622 2472 1882 2512 inuisuntur

265 2526 290 2573 a
312 2534 534 2581 Patribus,
556 2534 632 2573 vbi
655 2546 869 2584 pauperes
897 2546 1077 2585 corpore
1106 2538 1148 2574 et
1176 2536 1335 2586 spiritu
1366 2538 1632 2584 recreantur,
1655 2536 1881 2577 mundatis

265 2611 415 2638 eorum
446 2598 609 2638 animis
638 2600 681 2638 et
708 2599 982 2649 corporibus,
1010 2600 1250 2639 exercendo
1279 2601 1426 2640 officia
1446 2602 1634 2641 humilia
1654 2601 1710 2640 ad
1729 2613 1881 2641 eorum

265 2663 547 2711 munditiam,
579 2665 621 2703 et
649 2663 951 2703 confessiones
980 2664 1215 2704 audiendo.
1249 2665 1286 2704 A
1313 2665 1473 2706 vinctis
1494 2666 1625 2706 etiam
1651 2667 1879 2714 vocantur,

265 2728 425 2779 partim
448 2729 493 2767 vt
517 2728 638 2779 ipsos
667 2720 965 2774 consolentur,
997 2730 1038 2767 et
1067 2729 1325 2769 confitentes
1345 2730 1545 2780 audiant,
1569 2730 1726 2782 partim
1749 2730 1878 2770 etiam

328 2864 338 2881 ¹
362 2862 413 2894 Ex
437 2862 570 2904 origin.
595 2862 635 2894 in
657 2862 736 2894 cod.
760 2861 873 2903 Hisp.
897 2862 958 2901 98,
982 2862 1017 2894 ff.
1042 2863 1102 2895 318
1124 2864 1160 2895 et
1182 2864 1255 2896 321.
1281 2864 1530 2906 Subsequitur
1550 2864 1653 2898 aliud
1675 2865 1881 2906 exemplum

266 2916 425 2948 latinum
448 2915 487 2948 in
509 2914 545 2948 ff.
569 2915 641 2955 319,
665 2915 737 2947 320.

328 2971 340 2988 2
362 2968 628 3002 celeberrimus
661 2967 781 3000 fuerat
815 2967 852 3000 P.
877 2967 1033 3000 Ioannes
1067 2968 1246 3002 Ramirez.
1271 2969 1322 3003 Cf.
1347 2970 1441 3003 Litt.
1471 2969 1676 3011 Quadrim.
1710 2970 1784 3011 VI.,
1807 2971 1879 3010 486,

265 3021 338 3061 670,
363 3022 435 3054 832.

328 3076 342 3094 ³
363 3074 552 3107 Matritum
582 3074 815 3106 discesserat.
