2028 3531
286 261 331 293 96
762 262 963 298 hiri-snm:
998 262 1341 306 QuAinumnsruns

241 377 302 416 ris
330 378 561 420 exteriora.
593 379 667 418 sed
698 391 816 419 nunc
857 379 1010 419 [nerito
1055 382 1228 429 possent
1277 378 1498 417 interiora.
1535 378 1580 415 ln
1611 377 1859 416 obedientia

239 441 401 488 clarus,
434 445 523 481 tum
558 444 774 492 praefecto
819 443 1149 493 ualetudinarij,
1186 445 1277 482 tum
1324 441 1521 492 reliquis,
1553 441 1717 492 quibus
1758 441 1859 480 data

239 509 355 546 esset
396 519 500 547 cura
544 508 724 554 domus;
763 509 808 547 in
853 508 1192 548 mansuetudine
1236 507 1442 557 insignis
1475 506 1519 545 in
1563 505 1861 545 submissione

240 571 375 621 animj
410 584 511 623 prae
541 574 724 613 caeteris
753 575 985 614 excellens.
1023 574 1121 613 Erat
1150 574 1220 612 hic
1252 573 1370 612 tilius
1402 572 1560 611 unicus
1603 571 1740 622 patris
1773 571 1859 616 sui,

241 636 405 675 nobilis
435 638 519 676 uiri
551 650 602 677 ex
632 638 824 688 equestri
854 639 1032 685 ordine;
1064 638 1175 687 obiit
1204 638 1319 676 diem
1342 648 1459 675 anno
1480 636 1637 675 aetatis
1658 647 1764 674 suae
1796 636 1858 681 17,

240 703 295 747 et,
329 703 375 741 ut
405 714 648 753 speramuS,
680 715 778 742 cum
811 704 986 743 Christo
1018 704 1143 742 uiuit.
1182 703 1493 741 l‘raemebatur
1537 701 1709 740 interim
1745 700 1861 739 fasti-

240 765 313 804 dio
344 766 405 805 ita
434 769 479 806 ut
510 779 638 818 aegre
668 771 816 818 posset
844 768 948 819 quid
980 768 1198 818 accipere;
1235 779 1386 806 uerum
1423 766 1572 806 iussus
1616 765 1727 804 nihil
1774 776 1860 803 non

242 830 442 873 faciebat,
476 832 533 871 ita
566 835 611 871 ut
642 833 969 872 existimaretur
999 845 1158 883 magno
1201 844 1297 871 cum
1344 831 1540 882 appetitu
1573 841 1858 880 nonunquam

239 896 525 938 commedere.
558 909 657 937 cum
688 898 782 948 ipse
811 910 936 937 suam
968 900 1170 937 naturam
1203 899 1389 936 tentaret
1421 896 1608 935 uincere.
1639 895 1862 933 Intellexe·

242 961 308 998 rat
337 960 408 999 hic
438 962 656 1011 quendam
690 963 863 1001 Patrem
894 963 1142 1001 desiderare
1171 962 1339 1002 adesse.
1372 972 1470 1000 cum
1503 960 1576 999 ille
1614 959 1860 1010 pranderet.

242 1026 290 1063 ut
318 1025 486 1065 leuaret
514 1027 665 1077 aliquo
697 1028 825 1066 modo
856 1027 1051 1068 fastidio.
1083 1029 1120 1066 et
1153 1028 1325 1075 cogeret
1354 1038 1418 1069 ea,
1450 1038 1563 1076 quae
1593 1035 1862 1075 apponeren-

241 1091 326 1131 tur.
351 1102 536 1131 sumere.
568 1091 749 1140 Quoties
780 1103 867 1130 non
897 1092 1061 1136 aderat,
1087 1092 1258 1141 petebat
1292 1092 1338 1129 ut
1370 1092 1614 1135 uocaretur,
1640 1091 1683 1127 ut
1710 1089 1861 1127 contra

241 1167 366 1194 suam
401 1156 672 1195 uoluntatem
705 1159 934 1207 cogeretur
962 1157 1201 1195 comedere.
1237 1155 1407 1194 Accidit
1439 1157 1484 1194 ut
1514 1154 1693 1205 quidam
1730 1155 1863 1192 frater

241 1220 277 1259 ei
309 1220 550 1271 aliquando
580 1221 747 1260 dederit
776 1234 890 1272 aqua
922 1222 1099 1271 plenum
1132 1221 1336 1271 poculum
1359 1220 1526 1270 absque
1549 1219 1693 1258 Patris
1713 1219 1858 1268 copia3

240 1285 356 1335 quod
388 1297 486 1324 cum
518 1286 810 1332 exhausisset,
845 1286 1017 1337 rogauit
1062 1288 1207 1325 utrum
1243 1286 1327 1324 sibi
1359 1297 1410 1323 ex
1446 1284 1589 1323 Patris
1633 1284 1862 1323 uoluntate

240 1349 484 1389 exhibitum
517 1353 631 1389 esset
662 1351 892 1401 poculum:
926 1362 1114 1401 cumque
1158 1350 1360 1389 rescisset
1404 1350 1578 1388 fratrem
1627 1349 1750 1387 nullo
1788 1349 1862 1387 ad-

242 1415 409 1453 monito
438 1415 623 1464 dedisse,
656 1416 896 1465 respondit,
928 1416 1013 1454 sibi
1060 1415 1100 1454 id
1146 1427 1280 1463 graue
1325 1415 1475 1455 fuisse..
1508 1414 1626 1465 quod
1663 1413 1859 1456 bibisset,

241 1481 385 1529 petere
415 1491 460 1518 se
490 1482 532 1519 et
562 1492 715 1529 rogare
746 1492 799 1519 ne
830 1480 988 1520 iterum
1032 1481 1198 1529 absque
1243 1480 1450 1519 facultate
1479 1478 1774 1520 exhiberetur.
1808 1478 1862 1516 iis

243 1544 405 1589 uerbis,
439 1546 486 1583 ut
516 1544 642 1584 facile
674 1547 821 1594 posset
850 1544 1038 1595 intelligi
1070 1547 1111 1583 et
1140 1545 1345 1591 cognosci
1372 1543 1663 1582 mansuetudo
1692 1545 1733 1581 et
1764 1543 1859 1592 puri

240 1608 377 1647 animi
410 1621 512 1648 uera
543 1610 807 1649 obedientia.
839 1609 1035 1658 Quoties,
1067 1610 1104 1647 si
1134 1609 1313 1660 quando
1344 1609 1584 1659 rogabatur
1625 1608 1698 1657 qui
1747 1608 1862 1646 uale-

242 1675 319 1719 ret,
366 1685 453 1712 non
500 1674 779 1724 respondisse
823 1676 1092 1724 compertum
1138 1676 1199 1713 est
1246 1674 1499 1724 quicquam.
1541 1685 1697 1723 quam:
1737 1673 1859 1713 bene.

241 1738 339 1778 laus
360 1739 463 1778 Deo.
498 1739 557 1778 Ex
590 1739 660 1778 bis
681 1739 781 1778 licet
810 1739 1026 1788 conijcere
1046 1741 1241 1789 quantus
1261 1736 1374 1778 esset
1406 1739 1596 1777 futurus.
1623 1737 1707 1775 nisi
1741 1737 1862 1787 prius

244 1807 379 1843 morte
409 1807 666 1854 praereptus
696 1805 751 1843 ab
781 1804 954 1854 incepto
984 1816 1114 1844 cursu
1146 1804 1401 1843 destitisset.

319 1869 357 1908 4.
392 1869 515 1907 Alter
543 1869 617 1919 qui
653 1869 734 1908 suit
766 1868 963 1915 ultimus,
987 1869 1040 1907 de
1060 1881 1148 1919 quo
1169 1880 1303 1918 supra
1332 1880 1430 1907 cum
1463 1868 1515 1906 de
1545 1868 1720 1906 duobus
1743 1878 1862 1905 men-

241 1934 404 1972 tionem
437 1934 533 1983 fecj,
566 1945 617 1972 ex
647 1934 840 1972 sacrario
874 1934 987 1972 neus
1020 1933 1196 1972 uocauit
1221 1933 1370 1983 templi
1403 1933 1447 1971 in
1481 1935 1594 1971 terra
1615 1930 1859 1979 constituti,

240 1998 294 2036 ad
324 1998 566 2037 sacrarium
611 1998 826 2037 coelestis.
860 1997 965 2036 Cum
1012 2000 1125 2036 esset
1169 1997 1354 2046 edituuij
1401 1997 1550 2036 socius
1592 1996 1783 2045 diligens
1821 1997 1862 2033 et

240 2063 463 2105 assiduus.
494 2063 912 2113 confessionumque
944 2063 1100 2102 mirum
1125 2062 1168 2101 in
1193 2062 1369 2101 modum
1400 2062 1643 2108 studiosus,
1667 2061 1721 2099 ad
1751 2071 1862 2111 quas

239 2128 484 2167 audiendas
513 2128 761 2167 sacerdotes
791 2128 975 2166 uocabat
1005 2139 1056 2166 eo
1090 2128 1226 2166 animi
1270 2128 1439 2174 ardore,
1475 2129 1519 2165 ut
1551 2137 1771 2177 nusquam
1801 2136 1863 2163 re-

242 2192 474 2243 linqueret..
507 2193 615 2243 quin
647 2192 769 2242 prius
800 2192 1126 2242 pollicerentur,
1160 2192 1258 2231 licet
1301 2194 1423 2231 extra
1469 2194 1655 2241 tempus,
1691 2202 1737 2229 se
1781 2191 1863 2229 itu-

242 2269 335 2305 ros;
368 2257 431 2296 sic
463 2258 614 2297 nullus
657 2258 824 2307 absque
866 2257 1102 2296 criminum
1147 2256 1397 2306 expiatione
1441 2256 1706 2295 discedebat.
1750 2255 1860 2293 Dum

242 2322 312 2361 his
341 2322 562 2361 detinetur
581 2321 817 2372 exercitijs,
842 2322 994 2360 morbo
1014 2321 1251 2371 corripitur
1272 2321 1346 2367 ita,
1370 2323 1417 2360 ut
1449 2332 1676 2371 nunquam
1706 2331 1862 2358 somno

242 2389 383 2437 posset
418 2387 594 2428 satiari:
628 2387 692 2426 sic
720 2399 819 2426 eum
850 2386 995 2425 affecit
1026 2386 1161 2436 pestis
1191 2386 1266 2424 illa
1299 2386 1378 2435 (sic
1407 2386 1523 2425 enim
1567 2387 1726 2424 uocant
1766 2396 1862 2423 nos-

242 2452 295 2490 tri
328 2452 527 2490 morbum
562 2451 685 2490 illum
718 2451 842 2502 quasj
877 2451 1012 2501 pestis
1045 2450 1326 2501 principium,
1350 2452 1423 2489 aut
1457 2450 1699 2500 reliquias),
1725 2452 1770 2488 ut
1800 2449 1863 2487 in-

242 2519 307 2555 tra
353 2528 514 2566 paucos
556 2517 650 2555 dies
693 2518 985 2566 consumptus
1027 2526 1222 2565 corpore.
1255 2527 1353 2554 cum
1398 2517 1513 2554 esset
1554 2515 1778 2555 robustus.
1810 2525 1860 2553 ex

240 2582 456 2621 Societate
489 2583 567 2620 hac
600 2582 697 2621 Iesu
728 2581 906 2620 nomine
938 2582 1092 2619 uocata
1138 2580 1180 2618 in
1228 2580 1370 2623 terris,
1403 2580 1453 2618 ad
1487 2579 1736 2618 societatem
1769 2590 1863 2618 coe—

241 2647 393 2685 lestem
424 2647 555 2686 fuerit
585 2646 842 2692 translatus,
865 2657 965 2684 cum
996 2644 1148 2695 paucis
1177 2646 1278 2682 ante
1303 2644 1460 2683 diebus
1489 2646 1601 2683 esset
1622 2643 1858 2682 admissus.

246 2712 323 2750 His
353 2711 562 2750 omnibus
592 2710 783 2750 remedia
813 2709 961 2749 onmia
991 2708 1208 2760 exquisita
1254 2711 1357 2747 sunt
1390 2720 1466 2758 pro
1498 2720 1541 2747 re
1573 2710 1737 2751 nostra,
1768 2707 1863 2758 qui-

244 2778 325 2815 bus
354 2778 425 2815 aut
462 2775 638 2815 liberari
669 2777 746 2814 aut
774 2774 910 2825 leuarj
943 2774 1094 2824 aliquo
1125 2773 1253 2812 modo
1285 2774 1436 2812 morbo
1458 2775 1661 2823 possent;
1693 2784 1772 2811 nec
1791 2772 1862 2811 de-

242 2842 419 2881 fuerunt
448 2841 622 2880 animae
652 2840 783 2880 etiam
815 2851 896 2878 sua
928 2837 1130 2887 remedia,
1161 2849 1288 2888 quaeq
1321 2840 1488 2888 quanto
1532 2840 1597 2876 est
1640 2839 1862 2888 praestan-

241 2906 340 2953 tior,
372 2918 422 2945 eo
452 2904 713 2956 diligentius
742 2904 788 2943 in
819 2903 916 2942 eius
952 2902 1158 2951 remediis
1199 2904 1241 2941 et
1274 2902 1522 2952 pharmacis
1561 2902 1859 2943 laborabatur,

241 2973 332 3010 tum
366 2970 542 3009 interim
572 2970 677 3009 dum
708 2969 755 3008 in
785 2968 913 3007 terris
935 2967 1156 3012 uixerunt,
1180 2969 1272 3005 tum
1306 2968 1535 3017 postquam
1567 2967 1622 3005 ab
1653 2967 1734 3005 hac
1762 2977 1863 3004 con-

242 3035 435 3074 cretione
457 3034 630 3073 mortali
652 3033 787 3073 soluti
813 3032 1011 3083 corporis
1044 3031 1236 3070 uinculis
1266 3031 1515 3070 euolarunt.
1553 3031 1679 3069 Erant
1712 3031 1756 3069 hi
1788 3031 1862 3069 de-
