2028 3531
530 280 611 315 50⁰2.
640 301 683 304 —
709 278 907 314 Tassvfflis
934 279 979 314 -26
1006 279 1176 315 Arfflms
1205 279 1290 314 1561
1614 280 1681 315 24)ῑῖ

93 398 211 438 saria
232 400 351 437 sunt.
375 397 671 448 Quamobrem
693 398 952 438 curauimus
985 405 1002 424 ἃ
1024 398 1171 437 denuo
1191 397 1442 448 catalogum
1470 398 1725 438 lectionum.

94 474 206 514 quas
236 463 319 502 hac
348 465 514 502 aestate
544 463 789 514 professuri
829 474 1000 504 sumus.
1039 462 1145 514 tipis
1176 463 1401 502 mandare.
1433 474 1483 501 ac
1515 474 1589 513 per
1619 463 1727 501 cele-

94 529 264 568 briores
285 528 491 568 ciuitates
512 529 644 576 mitti,
667 540 720 568 ex
740 541 829 580 quo
851 529 1093 568 multorum
1124 528 1419 579 expectationi
1451 528 1728 567 satisfactum

92 605 188 633 esse
218 593 485 645 accepimus.
520 594 646 633 Multi
677 594 794 633 enim
826 593 903 645 qui
936 596 1112 644 propter
1144 593 1303 633 hiemis
1339 593 1547 632 seuitiam
1579 593 1729 632 venire

92 670 183 698 non
214 660 430 709 poterant,
463 659 545 698 hac
574 659 825 698 studiorum
857 658 1150 698 innovatione
1176 658 1344 701 audita.
1369 658 1471 698 ilico
1502 658 1726 697 Treuerim

94 726 323 763 venerunt.
356 723 626 763 Nunciatum
648 723 778 763 etiam
812 723 943 763 nobis
973 725 1037 763 est
1069 723 1374 763 Confluentiae
1398 723 1613 774 plurimos
1633 735 1729 762 esse

92 788 357 832 sacerdotes,
389 788 466 840 qui
496 789 742 839 composita
772 788 894 827 omni
925 788 1191 838 supellectili
1230 789 1316 828 huc
1350 788 1600 828 studiorum
1632 800 1728 839 gra-

92 853 152 892 tia
186 853 359 893 venturi
391 854 503 893 sint:
537 854 656 905 quod
687 853 883 893 faustum
931 854 1266 905 jucundumque
1309 853 1509 903 ecclesiis
1552 852 1730 893 Germa-

91 919 192 958 niae
224 918 422 958 futurum
453 930 700 970 speramus,
732 931 847 970 quae
883 921 1061 969 propter
1101 919 1382 958 sacerdotum
1428 918 1728 969 ignorantiam

93 983 362 1023 vastissimis
391 996 588 1023 errorum
621 984 817 1023 tenebris
843 984 1125 1024 circumfuse.
1151 984 1352 1023 veritatis
1383 984 1534 1024 lumen
1565 983 1727 1022 intueri

92 1061 183 1089 non
212 1049 374 1088 valent.
410 1049 502 1089 Hac
533 1061 663 1100 porro
693 1049 877 1089 secundi
908 1050 1099 1101 catalogi
1135 1049 1490 1100 promulgatione
1524 1049 1728 1088 effectum

91 1117 171 1161 est,
206 1116 249 1153 vt
279 1114 513 1154 Societatis
543 1126 705 1154 nomen
736 1115 867 1166 longe
898 1115 1074 1166 lateque
1113 1115 1396 1165 diuulgatum
1439 1114 1512 1157 sit,
1554 1126 1603 1153 ac
1638 1114 1729 1153 illis

91 1179 352 1219 hominibus
382 1181 558 1231 gratum
589 1191 685 1219 esse.
715 1180 913 1231 incipiet,
945 1180 1022 1232 qui
1058 1180 1306 1229 vtilitatem,
1339 1192 1471 1231 quam
1503 1192 1555 1219 ex
1586 1180 1730 1219 Socie-

91 1245 196 1284 tatis
227 1245 435 1284 Patribus
481 1245 686 1284 vniuerse
735 1245 1007 1296 reipublicae
1037 1257 1218 1285 manare
1248 1245 1459 1288 sentiant,
1492 1245 1577 1284 iam
1611 1246 1728 1285 clara

90 1310 188 1350 luce
218 1310 490 1352 intueantur.
524 1310 623 1350 Fuit
654 1313 802 1350 autem
833 1310 1068 1351 Societatis
1099 1322 1259 1350 nomen
1283 1310 1325 1349 in
1356 1311 1497 1361 primo
1527 1311 1730 1361 catalogo

91 1386 381 1426 suppressum
411 1377 553 1415 certas
582 1375 640 1414 ob
669 1387 844 1421 causas,
876 1375 1042 1426 quibus
1073 1375 1124 1416 R.
1161 1375 1525 1426 archiepiscopus
1564 1375 1730 1415 adduc-

91 1442 164 1480 tus
194 1440 292 1480 fuit.
326 1440 577 1492 Antequam
610 1452 714 1480 vero
743 1441 995 1480 studiorum
1026 1441 1142 1481 hanc
1173 1441 1514 1480 innouationem
1550 1441 1726 1480 inchoa-

91 1517 255 1553 remus,
290 1505 516 1557 publicum
547 1506 746 1546 omnium
780 1506 1035 1546 auditorum
1080 1518 1263 1546 examen
1305 1506 1600 1546 instituimus
1641 1518 1729 1556 quo

90 1571 368 1611 commodius
400 1583 478 1622 pro
507 1571 725 1623 cuiusque
754 1571 1022 1611 eruditionis
1051 1571 1309 1611 conditione
1343 1571 1590 1622 discipulos
1620 1571 1729 1610 clas-

90 1636 216 1676 sibus
239 1637 411 1677 idoneis
431 1637 691 1677 distribuire
713 1648 970 1688 possemus:
1004 1637 1170 1688 quibus
1190 1636 1324 1676 etiam
1347 1637 1524 1688 regulas
1554 1637 1729 1688 aliquas

90 1702 257 1742 nostris
278 1701 688 1743 Constitutionibus
709 1702 1066 1742 accommodatas
1092 1702 1424 1754 proposuimus,
1457 1714 1508 1742 ex
1539 1714 1727 1753 quarum

89 1767 404 1807 obseruatione
434 1768 480 1807 in
512 1768 653 1808 literis
682 1770 725 1808 et
757 1768 956 1808 moribus
986 1780 1077 1808 non
1107 1768 1316 1819 exiguum
1351 1768 1541 1808 fructum
1579 1780 1730 1807 conse-

89 1835 284 1884 quentur
313 1836 340 1874 1.
372 1834 466 1873 Hoc
498 1846 599 1873 vero
620 1834 926 1874 studiosorum
947 1834 1152 1873 examine
1173 1834 1315 1876 finito.
1340 1837 1542 1884 presente
1564 1836 1729 1873 rectore

91 1898 412 1946 Vniuersitatis,
453 1900 614 1939 abbate
657 1901 855 1950 preterea
898 1898 957 1939 si
996 1899 1189 1944 Martini,
1236 1911 1336 1939 cum
1381 1899 1582 1938 nonullis
1627 1899 1729 1948 alijs

89 1964 222 2003 claris
252 1976 301 2004 ac
332 1965 562 2004 nobilibus
606 1965 730 2011 viris,
776 1965 920 2004 oratio
967 1965 1142 2016 publice
1186 1965 1339 2004 habita
1375 1967 1441 2004 est
1471 1965 1527 2003 ab
1558 1976 1645 2003 vno
1676 1976 1727 2003 ex

89 2030 305 2071 studiosis
347 2031 722 2072 adolescentibus.
759 2031 812 2071 de
842 2030 1077 2082 diligentia
1121 2031 1166 2069 in
1211 2030 1360 2070 studio
1403 2030 1729 2081 comparandae

91 2095 269 2136 virtutis
299 2097 568 2136 adhihenda.
601 2096 809 2137 Carmina
854 2108 1031 2148 quoque
1075 2097 1131 2135 ab
1174 2096 1264 2135 alio
1308 2095 1448 2135 nobili
1496 2107 1631 2146 puero
1676 2095 1728 2133 de

89 2161 240 2201 eadem
285 2162 467 2201 materia
512 2162 692 2201 recitata
737 2163 856 2202 sunt.
904 2162 1136 2201 Lectiones
1180 2173 1310 2212 porro
1356 2161 1491 2200 huius
1535 2161 1728 2200 secunde

90 2227 398 2267 renouationis
437 2227 656 2278 auspicati
698 2239 855 2267 sumus
884 2228 936 2266 020
966 2227 1151 2278 Aprilis,
1185 2227 1228 2266 in
1262 2227 1427 2278 quibus
1457 2239 1533 2266 sex
1566 2226 1729 2276 profes-

90 2303 212 2332 sores
242 2304 340 2332 cum
374 2278 535 2344 magna
565 2293 800 2344 diligentia
830 2295 1079 2332 versantur.
1128 2292 1226 2332 Duo
1271 2293 1316 2331 in
1356 2292 1597 2343 theologia.
1632 2291 1728 2330 toti-

89 2357 189 2397 dem
220 2357 265 2397 in
297 2358 598 2409 philosophia.
631 2370 682 2398 ac
713 2360 935 2410 postremo
965 2358 1039 2408 alij
1074 2358 1163 2398 duo
1184 2358 1231 2397 in
1253 2358 1472 2397 rhetorica
1503 2360 1542 2396 et
1575 2357 1728 2396 huma-

90 2422 251 2470 nitate;
285 2435 337 2463 ex
366 2423 532 2475 quibus
561 2424 651 2464 duo
681 2424 881 2475 proxime
911 2436 935 2463 a
968 2424 1018 2463 R.
1052 2424 1098 2463 P.
1131 2423 1405 2463 prouinciali
1436 2424 1448 2446 ²
1482 2423 1567 2462 huc
1603 2422 1726 2461 missi

89 2490 218 2535 sunt;
264 2501 454 2540 quorum
502 2501 614 2529 vnus
657 2491 723 2529 est
770 2489 821 2530 R.
867 2489 915 2529 P.
954 2489 1289 2529 Maximilianus
1319 2491 1349 2535 ³,
1382 2488 1634 2538 theologiae
1679 2487 1729 2526 li-

90 2553 311 2593 centiatus
340 2556 381 2593 et
414 2554 650 2605 professor.
682 2554 759 2606 qui
800 2554 1038 2594 lectionum
1085 2566 1267 2594 suarum
1301 2553 1430 2593 initio
1459 2553 1728 2592 assertiones

152 2716 168 2734 a
191 2707 383 2740 Iteratum
409 2717 443 2741 v.
469 2709 688 2741 curauimus
714 2709 754 2740 in
781 2719 850 2741 ms.

154 2871 163 2888 ¹
188 2869 264 2901 Has
289 2870 436 2911 regulas
474 2870 558 2902 vide
596 2870 642 2902 ad
680 2871 817 2903 calcem
857 2871 971 2903 huius
1009 2871 1205 2912 epistulae.
1241 2870 1331 2902 vide
1368 2870 1514 2902 Lainii
1552 2870 1726 2903 Manum.

90 2922 114 2954 1.
138 2932 169 2954 c.
194 2923 267 2955 499.

151 2978 164 2995 ²³
187 2975 225 3008 P.
252 2976 461 3009 Everardus
485 2976 754 3010 Mercurianus.

153 3031 165 3048 ³
187 3029 224 3062 P.
250 3030 530 3062 Maximilianus
567 3040 589 3063 a
626 3030 774 3073 Capella
811 3032 871 3073 (de
902 3032 935 3064 la
960 3031 1159 3072 Chapelle).
1186 3031 1278 3063 Vide
1304 3031 1447 3063 Laim'i
1470 3031 1657 3064 Menum..
1684 3031 1726 3064 V.

90 3083 162 3121 636,
187 3083 260 3117 419,
286 3084 357 3122 481,
382 3084 455 3116 497.
