2028 3531
288 280 335 311 Μ’»
763 275 964 311 Liri-ami:
999 276 1342 319 QtiAnfflMESTREs

242 408 358 447 ceps,
389 395 443 434 ad
476 394 679 433 Boemiae
723 393 859 432 totius
889 393 1120 432 utilitatem
1156 392 1413 442 pertinebat.
1453 389 1561 429 Nam
1591 401 1689 428 cum
1722 389 1859 439 insig-

245 461 314 500 nis
343 460 523 511 quidam
555 461 597 497 et.
627 470 701 508 per
732 458 953 497 Boemiam
985 456 1370 496 nominatissimus
1415 453 1633 505 picardus,
1670 453 1857 492 aliorum

245 525 521 576 picardorum
552 523 786 573 episcopus
817 525 844 568 ¹,
876 522 951 573 qui
997 522 1133 561 multa
1175 521 1402 560 hominum
1450 518 1589 557 millia
1632 517 1861 556 seduxisse

243 589 418 634 dicitur,
452 589 537 627 iam
568 589 743 637 cuperet
787 587 963 626 liberari
1007 598 1192 627 carcere.
1224 598 1312 636 quo
1357 585 1531 634 propter
1574 581 1789 621 haeresim
1820 583 1862 620 et

244 654 484 693 seditiones
514 652 720 691 tredecim
752 651 837 691 iam
869 651 1000 690 annis
1029 651 1231 689 detentus
1261 651 1340 697 est,
1365 651 1494 698 atque
1526 648 1639 685 hanc
1668 647 1724 684 ob
1754 657 1860 692 rem,

244 719 405 769 scripta
435 718 642 768 quadam.
675 717 750 755 sed
781 716 1029 762 luttierana,
1062 715 1352 754 confessione.
1384 711 1687 761 euangelicam
1726 710 1862 750 eccle-

244 783 355 822 siam
396 795 445 821 ac
487 794 641 833 purum
689 781 766 820 Dei
814 782 993 820 uerbum
1041 782 1329 830 protiteretur.
1362 777 1545 816 abiectis
1585 775 1861 826 picardorum

244 848 496 893 erroribus;
531 846 759 897 responsio
792 858 865 896 per
894 845 1106 884 Dominos
1138 844 1355 894 praelatos
1384 854 1432 880 ac
1463 843 1638 880 nostros
1668 840 1770 879 talis
1799 841 1861 879 est

244 913 504 963 composita,
536 923 649 961 quae
678 922 775 950 eum
809 911 853 949 in
884 921 1054 949 carcere
1084 909 1278 947 detinere
1319 907 1471 957 possit,
1503 906 1640 944 donec
1684 916 1865 955 syncere

245 977 568 1017 confessionem
589 976 772 1015 onmino
792 974 1052 1014 catholicam
1077 974 1226 1012 aedat:
1256 983 1522 1022 quamquam
1558 970 1689 1009 lateat
1719 969 1861 1019 ipsum

246 1054 327 1082 nos
357 1042 492 1081 huius
521 1041 583 1080 rei
612 1041 821 1079 authores
855 1051 963 1079 esse.

326 1108 362 1145 7.
396 1106 468 1145 Sic
497 1105 629 1145 etiam
661 1106 848 1143 barones
878 1104 923 1143 in
954 1104 1085 1142 rebus
1117 1101 1369 1153 praesertim
1407 1099 1613 1149 literarijs
1656 1100 1867 1149 expetunt

247 1174 397 1211 nostra
430 1169 699 1210 ministeria:
733 1181 833 1208 nam
873 1180 971 1208 cum
1016 1178 1157 1217 nuper
1195 1166 1404 1205 Summus
1438 1164 1641 1203 Pontifex
1671 1165 1711 1202 et
1741 1163 1865 1202 R.¹¹¹¹¹⁵

247 1237 420 1287 legatus
450 1235 500 1274 D.
536 1235 701 1273 Hosius
730 1234 881 1272 literas
901 1232 1094 1272 dedisset.
1123 1232 1177 1270 ad
1209 1229 1591 1281 prothonotarium
1613 1228 1736 1278 regni
1758 1228 1866 1267 Boe-

250 1301 377 1349 miae,
410 1300 560 1339 statim
591 1299 665 1338 ille
695 1298 835 1337 literis
866 1298 950 1337 huc
988 1296 1151 1336 missis.
1183 1294 1517 1334 'conuenientem
1564 1306 1587 1331 a
1631 1293 1761 1332 nobis
1803 1305 1866 1331 re-

247 1365 529 1417 sponsionem
562 1363 779 1403 conscrihi
810 1361 1083 1413 efflagItauit.
1117 1360 1237 1410 Quae
1267 1371 1372 1398 sane
1402 1358 1646 1408 responsio,
1677 1369 1777 1396 cum
1806 1358 1868 1396 of-

248 1432 450 1476 ferretur,
474 1430 582 1469 adeo
603 1436 619 1454 ³¹
643 1428 807 1479 placuit
838 1427 938 1477 ipsi,
964 1429 1010 1465 ut
1040 1437 1129 1464 non
1162 1425 1289 1464 modo
1311 1424 1423 1463 nihil
1445 1424 1490 1462 in
1512 1435 1560 1462 ea
1583 1422 1865 1469 desideraret,

248 1496 323 1536 sed
353 1498 394 1534 et
426 1495 568 1546 palam
601 1494 835 1533 testaretur
863 1492 1075 1542 aptiorem
1121 1502 1167 1529 se
1210 1489 1542 1539 responsionem
1585 1489 1735 1538 optare
1778 1499 1867 1526 non

249 1572 391 1612 posse.
427 1559 548 1599 Vnde
579 1558 774 1598 uicissim
807 1556 1021 1607 obsequia
1051 1567 1131 1594 sua
1163 1556 1290 1605 (quae
1321 1553 1560 1604 plurimum
1600 1553 1764 1603 ubique
1796 1565 1868 1591 ua-

249 1626 358 1676 lent)
388 1636 547 1675 magna
578 1635 677 1662 cum
707 1622 946 1672 gratiarum
980 1620 1151 1659 actione
1181 1619 1310 1658 nohis
1341 1618 1497 1657 intimo
1526 1617 1672 1656 cordis
1709 1618 1867 1656 affectu

252 1690 465 1741 promisit.
500 1689 550 1728 R.
584 1688 633 1728 D.
665 1686 964 1737 Praepositus‚
997 1687 1037 1724 et
1068 1685 1140 1736 qui
1176 1685 1342 1734 pragae
1377 1685 1481 1722 sunt
1524 1682 1608 1722 uiri
1654 1682 1865 1733 religiosi.

249 1754 545 1795 conscientiae
575 1764 704 1792 casus
734 1752 787 1790 ad
823 1753 998 1790 nostros
1042 1761 1200 1799 magna
1244 1748 1494 1787 humilitate
1537 1748 1746 1792 referunt,
1791 1758 1870 1785 nec

251 1820 419 1859 minore
448 1817 659 1869 quicquid
703 1816 807 1855 hinc
850 1814 1153 1865 respondetur,
1188 1812 1470 1852 ueneratione
1504 1811 1767 1862 suscipiunt.
1799 1810 1868 1851 Se-

251 1886 384 1924 natus
415 1882 643 1934 pragensis
674 1881 761 1920 iam
792 1880 921 1919 nobis
964 1878 1210 1929 impensius
1253 1889 1384 1928 quam
1428 1879 1557 1915 antea
1600 1877 1734 1922 fauet,
1770 1887 1869 1915 cum

250 1949 349 1989 istis
378 1949 535 1987 diebus
556 1946 573 1972 ¹¹
602 1958 763 1997 aquam
808 1957 882 1995 per
924 1944 1122 1983 canalem
1162 1943 1499 1982 subterraneum
1545 1942 1590 1980 in
1633 1941 1868 1991 collegium

250 2016 451 2053 nostrum
485 2013 689 2051 fluentem
720 2010 899 2050 iusserit
943 2008 1072 2048 nobis
1114 2020 1244 2058 quam
1278 2007 1468 2057 primum
1500 2006 1688 2049 restitui,
1720 2018 1868 2057 quam,

251 2078 400 2118 nescio
443 2077 598 2127 quales
641 2075 857 2124 homines,
902 2085 1013 2125 quas
1055 2073 1111 2112 ob
1154 2084 1311 2111 causas
1354 2072 1677 2111 subtraxerant.
1719 2071 1869 2110 Effecit

251 2144 384 2183 etiam
415 2143 580 2193 primas
609 2140 805 2180 ciuitatis
836 2138 1066 2189 pragensis
1087 2146 1116 2183 ⁰,
1151 2140 1197 2177 ut.
1231 2137 1478 2187 impudicae
1521 2137 1734 2187 quaedam
1781 2148 1871 2175 mu-

251 2209 382 2248 lieres
412 2207 542 2246 nobis
572 2206 745 2245 uicinae
774 2205 1035 2255 cogerentur
1064 2203 1109 2241 in
1141 2202 1327 2253 gratiam
1371 2201 1542 2252 collegij
1590 2201 1703 2240 infra
1738 2201 1871 2240 trium

252 2273 630 2313 hebdomadarum
659 2270 857 2320 spacium
889 2268 1073 2307 aedibus
1102 2267 1267 2309 cedere,
1301 2278 1352 2305 ne
1386 2268 1563 2316 possent
1598 2266 1760 2304 nostris
1790 2266 1872 2304 fra-

252 2338 396 2377 tribus
426 2335 766 2375 incommodare.
801 2334 851 2372 Et
890 2345 987 2372 cum
1032 2332 1168 2371 alium
1214 2331 1411 2370 uicinum
1456 2331 1700 2369 habeamus
1742 2331 1872 2369 rebus

252 2402 418 2441 nostris
449 2413 537 2440 non
567 2399 802 2439 admodum
835 2399 1071 2441 fauentem,
1104 2396 1179 2446 qui
1211 2396 1361 2445 templi
1401 2395 1541 2434 nostri
1584 2395 1873 2434 fundamento

253 2468 463 2506 damnum
508 2465 714 2504 intulisse
756 2463 1028 2504 credebatur,
1061 2461 1274 2511 quaedam
1320 2459 1550 2510 pragensis
1595 2463 1794 2498 matrona
1829 2459 1873 2498 id

254 2532 383 2571 nobis
412 2529 697 2581 significauit,
729 2539 832 2578 quo,
865 2529 912 2565 ut
941 2528 1103 2565 factum
1147 2528 1226 2571 est,
1260 2525 1363 2563 huic
1408 2525 1522 2563 malo
1566 2537 1641 2575 per
1684 2524 1873 2563 iudicem

254 2596 573 2647 prouideretur.
609 2593 790 2633 Hussita
820 2591 1017 2642 quidam,
1049 2591 1103 2629 M.
1128 2590 1284 2629 Gallus
1299 2590 1326 2637 2,
1351 2591 1549 2628 nostrum
1580 2588 1874 2628 Directorium

317 2727 334 2745 a
356 2718 479 2749 Prius
504 2717 679 2757 adeoque.
704 2734 743 2736 —
767 2714 785 2740 h
806 2713 937 2745 diebus
960 2721 1085 2753 supra
1109 2721 1210 2743 vers.
1229 2730 1268 2733 —
1291 2719 1306 2738 c
1327 2712 1520 2752 pragensis
1544 2711 1587 2742 in
1613 2720 1739 2751 marg).

318 2833 329 2850 ¹
351 2831 509 2862 Ioannes
545 2828 727 2869 Augusta.
754 2827 803 2858 De
828 2825 888 2857 his
911 2833 1006 2866 quae
1040 2824 1167 2865 postea
1200 2824 1283 2854 acta
1316 2824 1415 2861 sunt,
1441 2823 1579 2854 frustra
1611 2824 1748 2861 tamen,
1774 2823 1816 2854 ut
1842 2822 1875 2854 is

255 2883 475 2916 catholicam
499 2882 606 2914 fidem
628 2879 922 2921 amplecteretur,
950 2877 1034 2908 vide
1067 2876 1237 2908 Kuossss:
1265 2876 1490 2907 (ieschieme
1525 2876 1595 2907 der
1624 2875 1877 2908 bohvm'schen

255 2936 430 2968 Provinz
453 2936 523 2967 der
548 2932 803 2972 Gesellschaft
824 2931 931 2967 Jesu,
950 2930 976 2969 Ι,
1001 2929 1149 2961 217-222.
1167 2928 1259 2961 Vide
1282 2929 1394 2960 etiam
1418 2928 1574 2960 inferius
1597 2929 1704 2969 epist.
1723 2936 1877 2969 pragen-

256 2999 332 3022 sem
355 2989 414 3021 die
436 2989 476 3020 Ξῖ)
498 2987 660 3029 Augusti
683 2986 820 3018 datam.
1290 2984 1297 2993 ·

317 3045 330 3062 2
352 3042 479 3075 Gallus
502 3041 685 3074 Gelastus.
710 3039 802 3071 Vide
824 3037 918 3069 Lite.
948 3035 1166 3075 Quadrim„
1191 3034 1251 3073 VI,
1275 3035 1347 3074 303,
1372 3035 1408 3066 et
1434 3034 1593 3074 Knoass,
1618 3034 1642 3066 l.
1666 3043 1697 3067 c.
1721 3034 1793 3066 204.
