2028 3531
504 259 585 296 613.
613 277 656 283 —
684 259 967 298 VALL1s0LETo
993 261 1016 295 6
1042 260 1236 300 IANUARH
1265 264 1356 299 1562
1639 261 1707 298 713

123 390 319 430 laborem
349 389 426 442 alij
468 390 570 430 inde
614 392 932 443 fatigatissimi,
974 394 1050 445 alij
1098 394 1228 434 laessi
1274 394 1525 434 recederent
1554 395 1582 433 ¹.
1635 393 1756 432 Inter

122 455 236 495 alias
263 455 412 495 clades
441 467 554 506 quas
585 456 655 496 uir
683 458 865 508 quidam
887 459 1069 510 accepit,
1093 472 1142 499 ea
1164 459 1357 499 maxima
1379 459 1478 505 fuit,
1502 458 1620 509 quod
1644 470 1756 497 uxor

122 532 223 561 cum
254 520 487 560 nonnullis
533 521 640 572 filijs
688 522 781 562 illic
824 524 957 564 fuerit
985 526 1240 568 combusta:
1274 524 1392 576 quod
1423 525 1597 563 tantum
1628 535 1756 574 argu-

124 587 322 625 mentum
365 586 579 625 moeroris
624 587 721 635 fuit,
754 590 801 627 ut
846 588 938 628 uita
982 590 1164 629 destitui
1211 590 1457 635 uideretur;
1500 588 1575 628 sed
1607 590 1755 627 tamen

122 650 277 691 diuina
321 662 403 702 ope
450 651 589 691 fretus
618 660 636 678 a
672 653 800 693 Pater
848 654 1006 694 Rector
1035 656 1090 693 ab
1120 666 1171 694 ea
1201 654 1338 694 animi
1386 653 1665 705 aegritudine
1694 652 1757 692 ita

123 716 251 756 illum
280 716 546 763 uindicauit,
581 718 629 756 ut
657 717 821 758 diceret
870 720 1031 759 nullibi
1075 722 1265 759 mentem
1311 731 1438 759 suam
1468 718 1529 758 ita
1559 718 1755 770 quietam

122 792 233 830 esse,
264 782 313 821 ut
360 792 461 821 curn
508 780 555 820 in
604 782 686 821 hac
733 782 864 823 domo
895 786 1044 823 nostra
1076 797 1122 823 se
1152 796 1248 824 esse
1280 783 1591 835 persentiebat.
1625 782 1756 822 Alius

122 845 255 886 etiam
286 848 464 897 propter
484 858 666 898 grauem
688 860 831 888 rerum
856 860 1037 889 suarum
1070 850 1283 889 iacturam
1316 848 1334 874 b
1353 849 1414 888 ita
1434 860 1557 900 spem
1579 847 1754 900 abjecit,

125 913 173 951 ut
202 913 388 951 mortem
418 911 504 951 sibi
534 912 784 952 conciscere
814 921 828 939 ⁰
850 914 999 959 uellet,
1024 914 1287 965 fecissetque
1308 914 1345 953 si
1367 913 1596 954 commoda
1627 913 1684 952 ad
1713 912 1758 952 id

123 976 190 1016 illi
220 977 438 1028 patefacta
467 980 582 1017 esset
614 977 701 1017 uia.
735 978 843 1018 Cum
886 980 1073 1030 primum
1115 982 1261 1019 tamen
1294 980 1348 1019 ad
1380 979 1525 1019 Patris
1556 977 1758 1018 Rectoris

122 1054 253 1082 aures
282 1042 327 1082 id
357 1043 575 1094 peruenit,
607 1044 776 1095 absque
819 1045 1102 1084 cunctatione
1146 1045 1201 1084 ad
1249 1045 1378 1085 illum
1422 1044 1645 1096 profectus
1674 1045 1755 1091 est,

124 1107 379 1160 placuitque
421 1108 603 1148 diuinae
652 1109 995 1152 misericordiae.
1028 1112 1077 1150 ut
1120 1110 1247 1150 illum
1292 1122 1317 1149 a
1361 1109 1668 1161 desperatione
1710 1108 1757 1147 in

122 1185 246 1224 spem
275 1173 476 1225 erigeret,
509 1177 838 1226 reuocaretque.
872 1175 1156 1226 Subsequuta
1203 1176 1354 1215 statim
1404 1175 1488 1215 fuit
1535 1173 1757 1226 generalis

122 1238 359 1288 confessio,
390 1239 467 1279 sed
498 1241 646 1279 tamen
675 1252 775 1279 cum
806 1241 951 1280 adhuc
973 1241 1096 1280 illius
1118 1241 1317 1281 animum
1339 1240 1524 1280 tentatio
1554 1240 1632 1279 illa
1662 1239 1759 1291 pul-

122 1305 254 1352 saret,
288 1304 459 1344 monitu
490 1305 636 1344 Patris
666 1305 881 1352 RectoriS,
905 1305 976 1345 cui
998 1306 1072 1346 ille
1103 1307 1157 1345 ad
1188 1309 1346 1361 nutum
1378 1306 1574 1357 parebat,
1607 1304 1756 1344 statim

123 1369 245 1409 illam
295 1370 537 1418 reuelabat‚
569 1371 625 1410 ad
672 1371 999 1423 collegiumque
1046 1374 1263 1420 nostrum,
1295 1372 1420 1412 uelut
1462 1371 1517 1411 ad
1547 1370 1756 1422 asyllum,

123 1434 256 1474 etiam
286 1435 441 1475 relicto
470 1436 674 1487 prandio,
707 1436 794 1476 sibi
824 1436 842 1463 ‘¹
863 1449 913 1476 ea
949 1437 1125 1477 concuti
1156 1437 1390 1477 accidisset
1410 1445 1426 1463 θ
1447 1435 1755 1487 confugiebat;

123 1500 275 1552 sicque
305 1500 411 1541 huic
440 1501 595 1541 morbo
626 1513 717 1541 non
747 1514 876 1553 aegre
907 1502 919 1528 f
943 1502 1262 1542 medicamenta
1293 1504 1399 1542 sunt
1428 1501 1644 1541 adhibita.

203 1567 242 1607 9.
276 1567 566 1607 Xenodochia
596 1568 729 1607 solito
751 1568 1014 1608 inuisuntur
1036 1580 1169 1615 more,
1194 1568 1312 1619 quod
1344 1568 1390 1607 in
1422 1579 1627 1618 magnam
1658 1577 1760 1606 con-

123 1631 386 1672 solationem
418 1633 745 1684 aegrotantium
766 1634 894 1674 cedit.
917 1633 1027 1674 Cum
1049 1634 1292 1673 nonnullae
1315 1645 1528 1684 personae
1558 1631 1759 1683 insignes

123 1698 167 1737 et
194 1698 294 1749 piae
324 1698 587 1738 didicissent
617 1699 792 1738 Patrem
823 1701 1045 1739 doctorem
1078 1700 1254 1739 Petrum
1291 1699 1521 1739 Sanctium
1551 1697 1596 1737 in
1628 1709 1759 1737 xeno-

124 1762 335 1803 dochium
366 1763 593 1814 quoddam
620 1764 814 1816 singulis
846 1764 970 1804 testis
1000 1765 1234 1815 proficisci,
1264 1766 1312 1804 ut
1345 1763 1591 1803 doctrinam
1621 1762 1761 1802 chris-

122 1827 293 1868 tianam
339 1829 565 1877 enodaret,
598 1832 900 1882 sterneretque
943 1830 1092 1879 lectos,
1142 1832 1241 1878 etc.,
1274 1829 1517 1869 nonnullas
1547 1828 1759 1880 pecunias

123 1896 377 1945 coegerunt,
410 1896 459 1935 ut
488 1907 735 1947 pauperum
780 1896 973 1944 miseria,
1001 1908 1115 1947 quae
1144 1896 1238 1935 illic
1267 1897 1359 1935 erat
1390 1907 1481 1934 non
1510 1906 1665 1946 parua,
1699 1893 1759 1934 le-

124 1961 320 2001 uaretur.

206 2025 269 2066 10.
302 2026 466 2066 Munus
496 2026 608 2067 illud
639 2029 842 2067 nostrum
872 2027 1059 2067 docendi
1090 2027 1337 2066 doctrinam
1367 2025 1659 2066 christianam
1685 2036 1761 2076 per

124 2089 260 2130 calles
289 2092 331 2130 et
359 2091 553 2143 compita
583 2092 630 2131 in
660 2092 755 2132 dies
785 2092 928 2143 magis
958 2094 1023 2131 est
1054 2094 1297 2143 acceptum,
1330 2103 1420 2131 non
1463 2091 1610 2130 solum
1641 2090 1760 2141 apud

125 2155 337 2207 plebeios,
369 2157 446 2196 sed
494 2157 625 2197 etiam
671 2158 789 2208 apud
834 2158 1045 2209 primates
1095 2158 1229 2197 uiros.
1263 2157 1325 2196 Ex
1368 2156 1580 2208 opinione
1609 2156 1758 2203 etiam,

124 2232 258 2273 quam
288 2221 342 2262 de
371 2221 589 2263 Societate
619 2231 638 2257 g
668 2224 849 2271 habent,
883 2223 1081 2263 nascitur
1111 2225 1159 2262 ut
1188 2223 1225 2262 si
1256 2234 1370 2274 quae
1413 2222 1513 2261 lites
1542 2223 1585 2261 et
1610 2220 1761 2273 jurgia

125 2287 290 2327 fuerint
310 2288 509 2337 suborta,
529 2289 695 2337 statim,
715 2292 969 2329 nostrorum
993 2290 1172 2328 Patrum
1189 2288 1451 2328 auctoritate
1481 2286 1758 2338 interposita,

124 2356 465 2405 componantur,
498 2357 547 2395 ut
576 2367 696 2395 nunc
727 2355 919 2406 primum
951 2356 1114 2394 factum
1154 2356 1219 2393 est
1254 2354 1369 2393 inter
1412 2364 1594 2393 uxorem
1624 2354 1666 2392 et
1696 2351 1760 2392 ui-

126 2431 224 2458 rum
253 2419 330 2471 qui
375 2420 436 2460 ita
479 2421 773 2469 dissidebant,
806 2423 856 2461 ut
899 2433 975 2471 per
1017 2422 1115 2460 octo
1159 2431 1378 2459 annorum
1418 2418 1613 2469 spatium
1643 2417 1761 2457 intra

125 2483 242 2524 idem
272 2486 437 2525 tectum
467 2486 624 2538 degere
654 2498 745 2526 non
778 2487 1041 2537 potuissent.
1067 2485 1330 2525 Conuicerat
1350 2484 1484 2523 etiam
1506 2483 1624 2522 alius
1655 2494 1761 2523 uxo-

126 2560 217 2589 rem
247 2549 300 2589 de
329 2550 565 2599 adulterio,
597 2564 648 2592 ac
678 2552 863 2602 proinde
894 2552 940 2591 in
970 2564 1050 2591 sua
1083 2563 1215 2590 manu
1247 2550 1382 2589 situm
1404 2551 1498 2588 erat
1527 2548 1651 2588 illam
1682 2560 1761 2599 pu-

125 2615 240 2655 blice
268 2616 490 2665 occidere,
524 2617 601 2657 sed
649 2619 797 2657 tamen
844 2629 944 2657 cum
991 2617 1120 2656 Pater
1167 2615 1349 2666 quidam
1393 2614 1446 2654 de
1476 2626 1522 2654 re
1551 2614 1629 2654 illa
1659 2625 1759 2653 cum

187 2819 206 2838 a
228 2811 370 2844 fraetus
403 2812 450 2846 A.
496 2831 535 2835 —
559 2813 577 2839 b
608 2813 821 2854 jactuarum
846 2813 891 2846 A.
920 2832 960 2836 ——
984 2821 997 2840 c
1019 2812 1180 2845 concisci
1219 2811 1261 2843 Β.
1287 2830 1326 2833 —
1348 2810 1366 2837 d
1389 2810 1457 2842 Sic
1490 2818 1562 2842 ma.
1608 2808 1760 2842 Sensus

125 2865 287 2898 videtur
312 2866 521 2908 postulare
545 2867 622 2900 ubi.
651 2885 691 2890 —
715 2875 730 2894 e
752 2867 934 2899 accidisse
957 2867 1003 2899 A.
1021 2886 1060 2889 —
1085 2866 1098 2892 f
1121 2875 1206 2907 egre
1229 2864 1275 2897 A.
1301 2883 1340 2886 —
1363 2872 1382 2898 g
1402 2864 1582 2896 Sotietate
1596 2862 1642 2895 A.

191 3063 201 3081 ¹
223 3061 274 3094 De
297 3061 367 3094 hoc
390 3061 564 3094 incendio
587 3062 666 3103 agit
689 3061 925 3099 SANGRADOR,
951 3062 974 3094 l.
1000 3070 1029 3094 c.
1056 3070 1091 3102 p.
1116 3061 1177 3093 394
1200 3069 1280 3101 sqq.
