2028 3531
503 302 584 338 568.
613 323 659 328 —
686 302 870 339 PAR1s11s
897 302 915 338 1
944 302 1201 339 SEPTEMBms
1229 303 1316 339 1561
1614 305 1683 341 487

95 421 378 461 consiliarios
411 420 614 472 partibus
644 422 810 461 nostris
830 421 1020 461 audiunt
1041 421 1205 469 fauere,
1228 422 1446 473 ancipites
1470 423 1728 471 redduntur,

94 498 266 538 nosque
295 498 620 537 nonnunquam
651 487 895 527 amicorum
924 498 1045 526 more
1074 487 1286 535 salutant,
1336 487 1579 539 aliquando
1627 501 1731 529 vero

96 563 176 591 nec
205 563 337 591 auere
365 551 623 602 dignantur.
656 552 746 592 Nos
767 564 870 592 vero
890 551 1029 604 quid?
1049 552 1223 592 Bonum
1245 564 1324 603 pro
1345 553 1463 593 malo
1480 553 1727 602 reddentes,

94 628 276 657 oramus
305 616 468 657 obnixe
498 616 724 657 Christum
754 617 986 658 dominum
1019 620 1065 658 ut
1093 618 1265 658 auferat
1311 619 1367 658 ab
1414 618 1479 658 eis
1508 619 1728 667 uelamen,

93 683 212 734 quod
244 682 438 733 positum
469 684 536 722 est
566 694 701 734 super
728 695 804 723 cor
832 695 984 724 eorum
1015 685 1044 731 ¹,
1078 695 1133 722 ne
1162 695 1262 723 cum
1293 683 1378 724 hoc
1407 684 1575 724 mundo
1610 685 1731 724 dam-

95 749 258 787 nentur
286 748 316 794 2,
349 747 604 799 gratiasque
651 747 827 799 agimus
874 747 913 787 ei
960 747 1037 800 qui
1073 748 1255 788 uocauit
1283 760 1365 788 nos
1395 748 1442 788 in
1472 751 1635 789 sortem
1667 750 1731 800 (ut

93 813 165 865 pie
193 812 478 861 arbitramur)
509 820 528 839 a
561 815 832 861 sanctorum,
863 813 1056 853 educens
1086 825 1168 853 nos
1188 813 1241 853 de
1262 814 1458 854 tenebris
1477 816 1520 854 et
1539 814 1731 866 caligine

94 878 232 918 huius
261 878 416 929 seculj‚
448 877 609 917 humili
639 878 790 918 animo
820 880 993 918 tantum
1023 878 1120 919 eius
1150 879 1197 918 in
1227 890 1309 918 nos
1337 881 1630 930 agnoscentes
1660 880 1731 920 be-

93 943 318 992 neficium,
350 943 470 994 quod
500 955 581 983 sua
612 944 825 995 dignatus
853 944 912 984 sit
940 944 1216 996 dignatione,
1240 944 1286 984 in
1307 944 1502 984 militum
1524 957 1606 985 nos
1626 957 1730 985 suo-

94 1021 192 1049 rum
221 1010 427 1059 coaptare
458 1021 708 1063 numerum.
743 1009 861 1049 Haec
890 1009 1001 1049 forte
1031 1010 1239 1049 nonnulli
1261 1009 1521 1050 uiderentur
1542 1012 1730 1061 praeter·

94 1074 324 1121 mittenda,
356 1074 475 1125 quod
505 1074 649 1126 magis
677 1074 991 1115 tribulationes
1021 1075 1152 1115 nobis
1181 1075 1362 1124 instare,
1412 1087 1547 1127 quam
1576 1088 1731 1116 conso-

92 1139 284 1179 lationes
315 1151 419 1190 prae
448 1151 495 1179 se
524 1140 691 1188 ferant3
719 1140 794 1180 sed
816 1152 905 1191 qua
925 1141 978 1180 de
999 1153 1045 1180 re
1065 1140 1209 1192 magis
1230 1141 1448 1192 gloriatur
1468 1141 1543 1181 ille
1564 1141 1730 1182 Christi

93 1216 251 1256 praeco
281 1204 450 1244 Paulus
483 1217 617 1256 quam
648 1205 700 1245 de
730 1205 1083 1252 infirmitatibus,
1115 1218 1249 1258 quam
1270 1206 1323 1246 de
1344 1207 1728 1255 tribulationibus,

92 1282 206 1322 quas
236 1282 314 1322 pro
345 1269 522 1310 Christo
553 1282 635 1310 suo
665 1271 864 1322 patitur?
894 1271 1013 1311 Haec
1042 1283 1150 1311 sane
1178 1274 1245 1311 est
1275 1272 1348 1311 via
1395 1272 1472 1312 illa
1503 1272 1624 1324 regia
1654 1284 1732 1323 per

92 1348 225 1388 quam
258 1336 376 1376 imus
406 1336 461 1376 ad
491 1338 625 1384 astra,
659 1338 706 1377 ut
735 1337 1060 1388 compatiamur
1106 1337 1275 1377 scilicet
1322 1349 1421 1377 cum
1467 1337 1659 1384 Christo,
1691 1337 1730 1377 si

92 1413 193 1442 cum
224 1401 401 1442 Christo
423 1401 636 1441 uolumus
655 1402 981 1453 conglorificari
1002 1403 1031 1442 ³.
1056 1402 1182 1442 Vnde
1203 1403 1390 1442 miseros
1409 1415 1500 1451 eos,
1518 1403 1730 1454 omnique

92 1467 411 1507 lamentatione
458 1467 618 1524 dignos
665 1479 762 1507 esse
809 1467 1001 1507 arbitror
1035 1467 1069 1515 ¹³,
1101 1467 1178 1519 qui
1208 1480 1309 1508 cum
1339 1467 1504 1508 Christi
1543 1480 1728 1520 regnum

93 1522 322 1584 tantopere
351 1533 604 1584 significent
624 1533 775 1573 uerbis
795 1545 842 1573 se
863 1545 1089 1584 quaerere,
1111 1546 1242 1585 opere
1262 1536 1411 1574 tamen
1431 1536 1473 1573 et
1494 1534 1566 1573 via
1586 1534 1731 1574 crucis

93 1599 209 1639 nihil
239 1598 390 1638 nimus
420 1598 599 1638 faciant.

173 1665 211 1704 3.
245 1663 540 1703 Biliomenses
570 1664 647 1714 qui
678 1664 896 1704 aduersus
943 1676 1026 1704 nos
1068 1664 1228 1721 cristas
1274 1667 1504 1705 erexerant
1533 1668 1562 1713 4,
1608 1665 1730 1705 hisce

93 1729 309 1781 proximis
356 1728 514 1768 diebus
562 1741 647 1769 vna
691 1741 792 1769 cum
836 1730 934 1770 Pre.
966 1730 1098 1781 Bap.a
1143 1730 1326 1770 Violaeo
1369 1730 1425 1770 ad
1459 1742 1541 1770 nos
1572 1742 1731 1770 venere

93 1795 292 1835 mitiores
322 1794 441 1841 facti,
474 1794 589 1834 nihil
619 1795 814 1846 amplius
843 1797 1042 1846 petentes
1062 1807 1197 1847 quam
1218 1796 1338 1846 quod
1359 1795 1556 1836 Societas
1578 1798 1730 1836 nostra

92 1861 140 1901 in
169 1861 254 1901 hoc
301 1871 438 1911 regno
485 1859 770 1909 admittatur;
821 1873 961 1913 eaque
1007 1861 1060 1901 de
1098 1873 1143 1901 re
1174 1861 1547 1913 supplicationem
1580 1862 1729 1913 (quam

92 1928 268 1977 vocant)
300 1924 416 1967 RJfflS
450 1924 605 1967 car.bus
639 1939 663 1966 a
694 1926 985 1978 Lothoringia
1006 1929 1020 1950 5
1041 1928 1084 1966 et
1117 1926 1382 1966 turnonensi
1405 1928 1418 1949 ‘³
1440 1929 1731 1977 porrexerunt

93 1992 141 2044 (ij
173 1992 292 2032 enim
322 1994 428 2032 sunt
457 1993 573 2032 inter
600 1992 865 2044 praecipuos
894 1992 1069 2044 concili]
1104 1992 1273 2043 huius),
1323 2004 1399 2032 eos
1442 1994 1586 2032 autem
1621 1993 1730 2032 adeo

92 2058 284 2110 benigne
313 2069 364 2098 ac
392 2057 543 2109 obuijs
572 2058 692 2098 vlnis
721 2069 929 2108 excepere
959 2058 989 2110 ij
1022 2057 1120 2098 R.¹¹1i
1149 2058 1317 2106 Patres,
1349 2059 1399 2097 ut
1427 2057 1543 2097 nihil
1577 2070 1728 2109 supra,

92 2122 306 2163 addentes
335 2125 377 2163 et
406 2123 512 2163 hoc:
545 2135 571 2163 o
601 2135 680 2162 vos
712 2123 863 2163 beatos
892 2134 1006 2174 quos
1034 2123 1192 2163 diuina
1221 2123 1431 2163 maiestas
1473 2123 1596 2163 hisce
1625 2125 1731 2162 tem-

93 2188 278 2239 poribus
324 2188 486 2228 horum
534 2188 905 2240 probissimorum
955 2188 1155 2228 uirorum
1203 2200 1386 2228 munere
1433 2188 1492 2228 sit
1529 2188 1727 2240 dignata.

92 2253 274 2293 Vtinam
304 2254 401 2294 eius
433 2254 739 2294 misericordia
768 2254 890 2293 fieret
920 2255 969 2294 ut
997 2254 1203 2305 singulae
1232 2253 1369 2294 huius
1399 2254 1524 2305 regni
1550 2253 1732 2305 prouin-

91 2318 186 2359 ciae
215 2321 339 2359 tanto
371 2319 621 2371 potirentur
650 2320 783 2360 bono.
816 2318 961 2370 Quare
990 2319 1309 2371 amplexamini
1356 2320 1615 2359 sodalitium
1647 2320 1730 2359 hoc

91 2384 196 2424 Jesu
227 2384 408 2433 Christi,
441 2385 539 2425 eius
569 2385 810 2424 imitamini
840 2384 1044 2436 vestigia,
1077 2397 1159 2425 nos
1188 2397 1293 2425 vero
1318 2387 1360 2425 et
1380 2385 1561 2425 nomine
1581 2387 1730 2424 uestro

93 2451 336 2500 nostroque
384 2462 564 2501 operam
612 2450 835 2498 dabimus,
885 2452 934 2490 ut
980 2449 1127 2491 Gallia
1174 2452 1299 2490 tanto
1347 2450 1423 2501 Dej
1474 2450 1592 2490 dono
1639 2461 1731 2489 non

155 2606 174 2625 a
193 2597 277 2631 Del.
302 2598 374 2640 pie.
399 2617 439 2621 —
462 2598 481 2625 b
501 2598 585 2631 Del.
614 2607 688 2631 eos.

156 2729 167 2747 ²
190 2727 243 2761 Cf.
268 2737 296 2760 11
319 2728 422 2769 Con„
447 2728 511 2768 ΙΙΙ,
544 2729 650 2762 14-16.

155 2783 168 2801 ²
190 2781 242 2814 Cf.
267 2790 280 2813 1
303 2781 405 2821 Coa„
430 2782 491 2821 XI,
516 2783 568 2815 32.

156 2835 169 2854 ³
191 2834 244 2868 Cf.
268 2834 380 2875 Rom„
405 2835 501 2875 VIII,
528 2836 578 2868 17.

134 2930 136 2932 Ι
156 2888 169 2907 ⁴
190 2887 403 2921 Billiomaei
427 2888 704 2921 contendebant
732 2889 776 2922 ut
807 2889 933 2931 legata
962 2898 1058 2931 quae
1088 2888 1295 2923 Guilelmus
1317 2889 1361 2921 de
1387 2888 1508 2927 Prato,
1533 2887 1732 2929 episcopus

95 2940 411 2982 claromontanus,
437 2942 593 2984 colleg10
616 2942 827 2975 billiomaeo
862 2942 1077 2984 reliquerat,
1102 2942 1196 2985 ipsis
1220 2941 1519 2975 administranda
1544 2940 1731 2973 traderen-

95 2995 170 3029 tur.
195 2995 247 3029 Cf.
271 2995 419 3028 Lai‘nii
441 2995 631 3036 Monam„
656 2996 699 3036 V,
722 2997 796 3029 404.

157 3049 171 3068 ⁶
191 3048 346 3082 Carolus
369 3049 414 3082 de
437 3049 565 3083 Guisa.

158 3103 170 3122 ⁸
192 3101 415 3135 Franciseus
438 3103 483 3136 de
506 3102 695 3136 Tournon.
