2028 3531
341 280 412 315 688
816 280 1021 316 erTERAn
1048 281 1392 325 anmmssswms

296 410 444 449 preces
473 398 702 438 absolutae
727 400 846 445 sunt,
869 401 910 438 et
930 398 1214 438 concionator
1234 398 1482 449 explicandi
1504 398 1759 439 catechismi
1781 410 1915 439 causa

295 465 551 514 suggestum
583 462 795 509 ascendit,
819 464 1009 513 quatuor
1031 462 1153 512 pueri
1175 462 1380 510 studiosi,
1404 462 1526 502 iuxta
1547 465 1820 513 suggestum,
1838 463 1914 503 sed

295 528 495 567 aduersis
525 527 705 566 sedibus
735 527 797 566 ita
825 528 1026 566 collocati
1058 526 1235 574 adsunt,
1259 529 1307 566 ut
1328 527 1495 577 priores
1515 528 1603 567 duo
1633 527 1912 578 germanicis,

294 593 369 643 alij
401 592 489 631 duo
521 591 762 631 bohemicis
792 591 1216 642 interrogationibus
1259 604 1308 630 ac
1352 591 1718 642 responsionibus
1753 603 1915 632 memo-

296 657 413 704 riter,
451 658 665 707 prompte,
705 668 756 696 ac
799 656 1058 703 luculenter,
1104 656 1398 703 auscultante,
1434 656 1543 706 quin
1586 658 1628 695 et
1669 655 1915 696 admirante

296 722 473 772 populo,
504 721 750 760 doctrinam
780 721 1066 761 christianam
1100 721 1296 760 recitent.

371 787 410 825 ὓ.
443 785 688 825 Conciones
725 785 856 824 etiam
900 785 1092 831 crebrae,
1124 796 1374 836 magnoque
1418 786 1563 825 fructu
1605 784 1858 824 auditorum
1889 796 1915 824 a

294 851 457 890 nostris
505 850 713 889 Patribus
760 850 994 893 habentur,
1026 862 1116 889 non
1163 850 1308 889 solum
1352 850 1399 889 in
1442 849 1604 900 templo
1638 851 1806 897 nostro,
1837 849 1913 889 sed

292 915 423 954 etiam
453 915 571 965 apud
601 913 643 953 S.
678 914 901 961 Iacobum,
934 916 982 953 ut
1012 913 1099 953 iam
1129 926 1154 953 a
1185 914 1306 965 ferijs
1328 913 1545 965 natalitijs
1574 914 1668 953 fieri
1711 915 1911 964 coeptum

291 982 371 1027 est,
402 981 445 1019 et
474 979 519 1018 in
549 990 647 1018 arce
676 990 823 1018 coram
853 978 895 1018 S.
929 978 974 1018 G.
1008 979 1080 1025 M.,
1114 981 1162 1018 ut
1190 978 1348 1018 accidit
1380 990 1455 1029 per
1485 978 1648 1018 multas
1677 978 1914 1017 hebdoma-

291 1044 383 1093 das,
417 1045 648 1094 postquam
679 1042 722 1083 S.
756 1042 800 1083 G.
835 1043 888 1083 M.
916 1043 1104 1093 Pragam
1126 1043 1262 1082 uenit.
1296 1043 1347 1082 Et
1376 1055 1509 1093 quam
1530 1042 1633 1082 illae
1663 1042 1914 1082 fructuosae

290 1109 525 1148 conciones
554 1107 733 1156 fuerint,
767 1109 1015 1158 praestante
1054 1107 1159 1155 Deo,
1190 1108 1261 1147 uel
1306 1107 1411 1147 hinc
1453 1107 1629 1147 abunde
1670 1106 1910 1158 colligitur,

290 1173 409 1224 quod
438 1172 482 1213 S.
514 1172 558 1213 C.
592 1173 646 1212 M.
679 1184 754 1212 eas
783 1184 912 1222 saepe
932 1184 1030 1212 cum
1053 1172 1148 1212 suis
1168 1172 1326 1212 aulicis
1346 1171 1682 1219 collaudauerit,
1707 1183 1911 1222 magnam

289 1237 614 1277 concionatoris
643 1237 905 1284 doctrinam,
937 1249 1016 1276 nec
1062 1237 1291 1284 minorem,
1325 1239 1372 1276 ut
1400 1237 1560 1284 aiebat,
1592 1236 1809 1276 feruorem
1838 1235 1912 1275 ad·

291 1303 471 1342 mirans.
504 1302 628 1342 Vnde
658 1302 759 1341 licet
787 1301 1042 1341 ordinarius
1071 1302 1167 1341 eius
1188 1301 1474 1341 concionator
1494 1290 1686 1348 uenisse,
1708 1302 1786 1340 aut
1806 1311 1911 1340 uen-

290 1370 416 1408 turus
445 1367 678 1415 diceretur,
710 1367 776 1406 illi
815 1368 964 1406 tamen
1008 1366 1240 1406 Societatis
1284 1366 1403 1405 Patri
1434 1365 1476 1406 S.
1509 1365 1555 1406 C.
1589 1366 1642 1405 M.
1676 1377 1752 1416 per
1780 1377 1911 1404 suum

289 1432 561 1472 sacellanum
591 1432 827 1479 commisit,
860 1433 908 1470 ut
941 1431 1111 1483 aliquot
1154 1431 1300 1470 adhuc
1343 1431 1518 1470 uicibus
1560 1430 1910 1470 concionaretur.

289 1497 411 1537 Adeo
431 1508 607 1548 quoque
627 1496 876 1536 lutheranis
896 1496 1178 1536 auditoribus
1200 1496 1302 1535 illae
1323 1495 1656 1546 qualescunque
1675 1494 1911 1534 conciones

290 1563 565 1614 placuerunt,
598 1564 646 1602 ut
675 1562 856 1613 quidam
887 1574 976 1601 non
1008 1561 1208 1613 uulgaris
1237 1561 1474 1608 doctrinae,
1507 1572 1586 1600 nec
1616 1560 1794 1599 infimae
1821 1571 1912 1599 sor-

289 1627 361 1675 tis,
392 1627 469 1666 sed
499 1626 690 1677 insignis
724 1627 983 1666 lutheranae
1022 1626 1257 1677 prauitatis
1295 1626 1479 1673 assecla,
1512 1625 1664 1664 multis
1706 1624 1911 1675 precibus

288 1692 406 1743 apud
436 1703 517 1731 nos
546 1692 841 1740 contenderet,
874 1694 922 1731 ut
951 1691 988 1731 si
1019 1703 1108 1731 non
1147 1702 1315 1739 omnes,
1348 1702 1482 1730 unam
1526 1690 1681 1729 saltem
1725 1701 1777 1729 ex
1820 1689 1911 1728 illis

287 1757 543 1797 concionem
573 1768 598 1796 a
628 1756 758 1795 nobis
787 1756 995 1807 scriptam
1026 1756 1222 1804 haberet,
1254 1768 1342 1807 quo
1371 1755 1466 1795 suis
1495 1767 1607 1801 eam,
1639 1756 1687 1794 ut
1720 1754 1907 1802 dicebat,

287 1821 508 1872 expensis,
540 1820 595 1860 ad
642 1820 852 1860 maiorem
900 1821 979 1860 Dei
1028 1820 1230 1871 gloriam,
1263 1832 1313 1859 ac
1360 1819 1637 1870 spiritualem
1678 1818 1907 1858 hominum

288 1885 525 1926 utilitatem
555 1885 703 1936 praelo
732 1885 1036 1925 committeret.
1069 1884 1153 1925 Sed
1184 1887 1231 1925 ut
1270 1885 1394 1924 solus
1437 1884 1569 1931 Deus,
1601 1883 1801 1923 omnium
1832 1883 1909 1922 bo-

287 1962 445 1990 norum
467 1951 566 1989 fons
595 1951 638 1990 et
666 1950 840 1997 author,
864 1950 971 1989 haec
994 1962 1068 2001 per
1088 1950 1271 1989 inutiles
1300 1961 1454 1989 seruos
1474 1948 1603 1988 efficit
1624 1960 1674 1988 ac
1699 1949 1906 1999 praestat,

287 2015 350 2055 sic
392 2027 443 2055 eo
485 2015 701 2055 duntaxat
729 2015 869 2062 atine,
902 2016 950 2054 ut
996 2026 1075 2065 par
1121 2017 1201 2061 est,
1247 2014 1514 2064 scribuntur,
1568 2025 1656 2064 quo
1703 2011 1908 2052 diuinum

286 2080 427 2120 solius
457 2079 599 2130 ipsius
628 2091 788 2118 nomen
819 2079 1102 2130 aliquatenus
1145 2079 1249 2118 hinc
1292 2077 1565 2130 magnificari
1604 2078 1750 2128 queat.
1782 2076 1908 2126 Quod

286 2156 392 2185 uero
421 2144 743 2195 poenitentium
774 2144 876 2194 plus
897 2144 1046 2184 minus
1074 2144 1152 2183 300
1182 2155 1393 2183 numerus
1414 2143 1484 2182 his
1506 2142 1734 2182 mensibus
1759 2141 1905 2190 fuerit,

286 2209 516 2261 magisque
545 2209 759 2260 paulatim
791 2211 1020 2260 augeatur,
1053 2221 1142 2248 una
1173 2221 1195 2248 e
1225 2208 1475 2259 praecipuis
1505 2207 1652 2247 causis
1681 2206 1760 2246 illa
1789 2206 1909 2246 uide-

284 2276 356 2314 tur
383 2274 501 2325 quod
532 2285 621 2313 non
651 2273 797 2313 solum
832 2285 991 2324 magna
1019 2273 1187 2313 ciuium
1217 2274 1272 2312 ad
1302 2285 1385 2312 nos
1419 2273 1549 2312 turba
1591 2271 1799 2320 confluat,
1831 2271 1907 2310 sed

285 2341 327 2379 et
355 2339 407 2380 D.
439 2338 624 2389 praelati
667 2350 773 2378 suos
815 2338 1063 2378 sacerdotes
1107 2341 1149 2378 et
1191 2338 1453 2385 sacellanos,
1484 2339 1526 2376 et
1556 2336 1641 2377 uiri
1684 2335 1906 2387 magnifici

285 2415 391 2444 suas
420 2403 628 2452 familias,
664 2405 707 2443 et
741 2402 1032 2454 hospitalium
1081 2403 1287 2454 praefecti
1331 2414 1437 2442 suos
1481 2412 1709 2453 pauperes,
1741 2400 1797 2440 ad
1826 2412 1907 2440 nos

284 2468 579 2509 confessionis
607 2480 711 2520 ergo
754 2468 955 2516 mittant3
987 2470 1029 2507 et
1058 2468 1176 2519 quod
1220 2467 1369 2519 magni
1413 2466 1632 2507 Ecclesiae
1674 2465 1904 2516 primores,

284 2545 635 2585 magnorumque
678 2533 926 2584 principum
972 2544 1022 2572 ac
1065 2533 1347 2572 dominorum
1390 2530 1649 2582 confessarij
1681 2542 1731 2570 ac
1759 2531 1906 2581 patres

284 2598 540 2649 spirituales
569 2597 710 2638 uelint
738 2609 788 2637 ac
817 2597 999 2648 cupiant
1027 2609 1123 2636 esse
1153 2596 1292 2636 nostri
1324 2596 1419 2647 filij,
1452 2595 1658 2647 quodque
1683 2594 1769 2634 uiri
1799 2593 1905 2633 boni

284 2662 510 2714 proximos
537 2674 659 2710 suos,
691 2663 840 2702 oblata
883 2662 1129 2709 occasione,
1162 2662 1407 2712 plerunque
1450 2660 1622 2700 soleant
1666 2658 1904 2699 confitendi

284 2727 427 2778 gratia
455 2727 511 2766 ad
540 2739 623 2767 nos
651 2727 854 2778 dirigere.
888 2726 1025 2766 Cuius
1051 2728 1127 2773 rei,
1150 2726 1188 2765 si
1219 2726 1326 2765 libet
1345 2725 1594 2776 exemplum
1614 2723 1783 2771 audire,
1804 2734 1904 2762 cum

284 2791 383 2831 istis
425 2791 582 2831 diebus
624 2791 713 2831 duo
742 2791 784 2831 S.
818 2791 863 2832 C.
897 2791 951 2830 M.
983 2791 1198 2838 doctores,
1235 2802 1353 2830 unus
1396 2788 1608 2836 medicus,
1639 2787 1750 2827 alter
1777 2787 1904 2827 iuris-

283 2856 529 2903 consultus,
561 2856 638 2896 sed
667 2857 798 2895 ambo
827 2855 1039 2903 extranei,
1068 2855 1182 2894 inter
1211 2867 1257 2894 se
1286 2855 1339 2894 de
1368 2852 1645 2894 confessione
1675 2852 1904 2902 loqueren-

285 2922 369 2968 tur,
401 2922 533 2972 atque
562 2920 759 2960 medicus
788 2920 1010 2960 dubitaret
1049 2920 1230 2960 ubinam
1276 2918 1550 2970 spiritualem
1595 2916 1769 2956 animae
1797 2928 1903 2956 suae

344 3064 363 3083 a
382 3055 592 3088 dundaxat
613 3065 684 3089 ms.
