2028 3531
345 279 415 315 318
816 274 1020 311 erTssRAE
1054 273 1400 318 QuAumMESTRns

299 409 369 436 ser
410 408 519 447 gran
550 394 694 434 medio
724 406 828 445 para
858 393 897 433 el
928 394 1166 444 augmento
1195 391 1316 430 deste
1345 388 1546 439 collegio,
1592 401 1617 439 y
1661 386 1918 427 edificacion

299 462 420 500 desta
451 460 623 511 cibdad.
655 459 676 498 J
685 458 931 498 untandose
960 470 984 497 a
1014 459 1108 497 esto
1138 457 1204 496 las
1232 454 1462 494 oraciones
1489 466 1516 504 y
1546 455 1724 492 sanctos
1757 451 1920 491 sacrifi-

300 525 392 565 cios
421 525 473 564 de
503 525 553 564 v.
588 525 634 563 P.
669 522 791 575 [eta]
824 522 886 561 De
916 511 1049 561 Anna
1078 534 1103 572 y
1134 521 1186 560 de
1218 520 1344 569 Mayo
1376 518 1424 557 15
1453 518 1505 557 de
1537 517 1652 556 1561.

407 589 456 629 D.
488 589 537 628 V.
573 589 619 629 P.
652 586 968 638 indignissimo
997 586 1145 626 sieruo
1174 596 1228 624 en
1258 584 1297 623 el
1329 583 1468 623 Sefior

1368 707 1396 757 †
1426 706 1631 745 ANTomo
1662 703 1808 743 hinnz
1838 705 1866 743 ¹.

1066 996 1176 1045 527

675 1151 740 1200 P.
800 1148 1162 1200 IOANNES
1218 1146 1575 1210 QUADRA

804 1298 1066 1324 BELLOMONTE
1096 1286 1138 1322 15
1166 1296 1255 1321 MAll
1284 1285 1371 1320 1561
1398 1285 1424 1320 2.

305 1427 393 1461 1-2.
424 1421 656 1461 Sociorum
686 1419 891 1458 valetudo
921 1420 959 1457 et
989 1419 1204 1467 religiosa
1233 1416 1488 1465 disciplina.
1525 1414 1648 1454 Cives
1681 1415 1931 1464 frequentes

414 1487 471 1525 ad
512 1486 795 1524 sacramenta
838 1483 1122 1534 suscipienda
1164 1481 1453 1520 concurrunt.
1486 1502 1536 1506 —
1567 1484 1608 1518 3.
1637 1480 1804 1529 Populi
1839 1491 1933 1518 ma-

413 1552 635 1601 gistratus
676 1550 847 1589 ‘nostris
890 1548 1096 1588 benevoli.
1143 1570 1193 1573 -—
1234 1551 1279 1585 4.
1315 1546 1380 1584 Ad
1418 1547 1567 1584 vicina
1614 1545 1775 1594 oppida
1823 1546 1929 1592 itur,

416 1618 545 1665 (itque
574 1629 626 1654 eoe
655 1615 751 1654 illis
795 1615 851 1652 ad
892 1615 1071 1652 nostros
1113 1612 1292 1650 consilii
1330 1610 1533 1660 capiendi
1561 1610 1601 1648 et
1634 1611 1932 1648 sacramento-

416 1694 519 1720 rum
567 1693 704 1720 caiisa
751 1680 992 1728 confluunt.
1036 1701 1086 1704 —
1130 1682 1171 1716 5.
1203 1676 1579 1716 scholasticorum
1616 1676 1842 1725 profectus
1884 1677 1933 1714 in

419 1748 582 1785 litteris
610 1746 650 1784 et
693 1745 817 1784 bonis
847 1744 1059 1783 moribus.
1106 1744 1277 1781 Eorum
1306 1742 1441 1780 multi
1483 1754 1534 1779 ex
1554 1741 1725 1779 'vicinis
1760 1741 1933 1790 oppidis

417 1813 615 1850 veniunt.
646 1833 696 1836 —
726 1814 767 1848 6.
798 1809 1030 1848 Societatis
1073 1808 1361 1846 existimatio.
1400 1828 1444 1832 —
1476 1810 1516 1844 ¹7.
1546 1805 1732 1844 Aedium
1772 1805 1933 1855 ampli-

417 1877 577 1926 ficatio.

400 2013 433 2051 1.
455 2012 484 2061 -1-
507 2011 595 2050 lhs.
620 2033 667 2038 -—
700 2009 956 2049 Reuerende
977 2008 1215 2047 admodum
1238 2007 1284 2046 in
1306 2007 1383 2046 X.0
1407 2006 1477 2045 Pr.
1511 2029 1559 2033 —
1593 2005 1752 2046 Gracia
1781 2007 1822 2045 et
1851 2017 1936 2056 pax

314 2076 477 2116 Christi
499 2078 579 2115 etc.
605 2075 739 2127 [Socii
768 2076 869 2114 bene
899 2075 1047 2113 valent
1076 2075 1115 2112 et
1146 2074 1202 2112 acl
1221 2074 1531 2122 perfectionem
1553 2070 1791 2121 aspirant}
1822 2069 1936 2109 Exo-

312 2140 559 2191 mologesin
590 2142 866 2190 peccatorum
890 2138 1058 2177 faciunt
1077 2138 1119 2175 80
1140 2148 1315 2187 quoque
1333 2136 1404 2175 die
1424 2136 1542 2174 bona
1571 2147 1672 2186 pars
1702 2134 1934 2173 hominum

314 2217 363 2244 ac
403 2204 655 2250 mulierum,
687 2205 729 2242 et
771 2202 1116 2242 sacratissimam
1161 2200 1472 2240 comunionem
1510 2199 1773 2250 suscipiunt.
1804 2198 1936 2238 Sacro

315 2273 509 2320 tempore
538 2268 927 2320 quadragessimae
969 2266 1270 2319 confessiones
1313 2265 1490 2305 auditae
1533 2267 1638 2303 sunt
1675 2264 1934 2315 generalles,

316 2335 534 2374 maximae
565 2334 658 2385 [sic]
689 2333 998 2385 quorumdam,
1030 2332 1106 2383 qui
1150 2332 1363 2371 diuturno
1407 2331 1585 2370 silentio
1619 2331 1671 2369 30
1699 2341 1934 2375 annorum,

315 2403 358 2439 et
387 2400 564 2438 interim
595 2411 671 2449 per
701 2401 836 2438 totam
867 2398 1021 2443 uitam,
1054 2398 1230 2447 peccata
1267 2396 1477 2443 celarant,
1510 2395 1602 2445 qui,
1634 2395 1847 2446 pristinae
1877 2394 1939 2433 vi-

317 2467 386 2504 tae
412 2465 670 2515 penitentes,
693 2465 735 2502 et
756 2464 1032 2513 peccatorum
1057 2461 1248 2512 pondere
1269 2460 1484 2510 deposito,
1508 2471 1608 2499 vere
1637 2461 1679 2499 et
1707 2471 1759 2498 ex
1789 2459 1938 2498 animo

317 2529 581 2579 rescipuisse
611 2528 892 2567 uidebantur.

382 2739 389 2752 ¹
415 2736 507 2768 Vide
530 2736 624 2768 Litt.
654 2736 859 2775 Quaslrim.
883 2735 926 2774 V,
952 2735 1022 2766 152.

381 2791 393 2808 2
416 2789 466 2820 Ex
490 2790 648 2829 autogr„
674 2789 716 2821 ut
749 2788 907 2827 videtur,
934 2787 972 2819 in
1006 2786 1084 2818 cod.
1110 2785 1222 2826 Hisp.
1247 2785 1307 2824 98,
1344 2785 1367 2817 f.
1399 2785 1481 2823 ⁶211;
1506 2784 1610 2825 prius
1644 2783 1715 2815 297.
1751 2781 1940 2814 Praecedit

320 2842 421 2874 aliud
455 2841 661 2882 exemplum
695 2841 855 2873 latinum
889 2840 927 2872 in
951 2840 974 2872 f.
1002 2839 1071 2871 110.
1107 2838 1199 2869 Tum
1234 2838 1304 2869 hae
1327 2838 1485 2876 litterae,
1518 2837 1597 2868 tum
1625 2835 1894 2876 subsequentes
1918 2843 1940 2865 a

320 2895 357 2927 P.
383 2894 530 2934 Quadra
564 2895 723 2935 scriptae
757 2894 861 2935 parvi
896 2892 1071 2925 momenti
1106 2892 1206 2929 sunt,
1231 2892 1267 2922 et
1301 2899 1432 2931 parum
1465 2890 1640 2921 accurata
1673 2886 1940 2928 orthographia

320 2949 505 2986 exaratae,
531 2948 566 2979 et
589 2947 881 2979 correctionibus
905 2946 951 2978 ab
967 2946 1049 2986 ipso
1071 2945 1233 2983 auctore,
1259 2944 1301 2975 ut
1324 2943 1482 2987 videtur,
1506 2942 1616 2974 factis
1639 2941 1794 2973 scatent.
1818 2939 1940 2971 Pauca

322 3001 467 3033 tantum
491 3009 535 3031 ex
552 3000 627 3031 illis
650 3000 914 3037 exscribemus,
944 3006 1010 3030 nec
1033 2997 1072 3029 in
1096 2996 1388 3029 correctionibus
1411 2994 1637 3027 annotandis
1660 2992 1938 3025 inmorabimur.

323 3053 453 3085 Exstat
476 3062 600 3094 apogr.
626 3053 664 3084 in
688 3052 837 3084 Archiv.
863 3051 1050 3084 Colonien.
1075 3049 1254 3090 (HANSEN,
1278 3049 1301 3082 l.
1327 3058 1356 3081 c.
1382 3048 1467 3089 767).
