2028 3531
488 283 568 319 594.
597 302 639 307 —
667 283 849 320 CoLoN1A
875 283 918 320 31
948 283 1183 320 Dsscmfflms
1212 284 1300 320 1561
1605 285 1675 321 615

85 402 142 442 ad
171 403 373 442 nostrum
402 401 640 453 collegium
675 403 875 443 scribens
914 403 1104 454 rogauit,
1148 404 1384 442 contentus
1414 404 1466 444 D.
1500 403 1721 443 Henricus

87 466 345 519 Dionysius,
377 466 646 507 intermissis
676 469 730 508 ad
762 471 936 520 teinpus
971 468 1015 507 in
1057 468 1163 507 aede
1186 468 1528 519 metropolitana
1549 468 1721 508 concio-

86 532 236 582 nibus,
268 532 323 572 ad
353 532 492 572 illust.
525 532 679 572 ducem
711 546 757 573 se
786 534 984 574 conferre
1029 534 1174 574 vellet.
1224 534 1381 573 Postea
1429 546 1532 573 vero
1572 545 1722 573 mense

86 597 325 649 Nouembrj
356 597 411 637 ad
442 597 589 648 ipsum
621 598 671 638 D.
705 599 945 639 Henricum
986 599 1076 638 dux
1116 599 1269 638 literas
1309 598 1431 638 misit
1462 610 1625 650 magna
1655 598 1720 650 illj

85 663 317 715 pollicens,
349 664 392 703 et
420 663 548 703 ducis
577 666 727 704 orator
755 665 934 715 scripsit
964 664 1179 716 principis
1208 665 1407 704 animum
1432 664 1492 703 ita
1513 664 1719 704 affectum

85 740 196 775 esse,
220 730 265 767 vt
294 728 485 767 maxime
514 729 665 779 cupiat
695 730 872 769 scholas
899 730 1009 780 erigi
1033 730 1077 769 in
1100 729 1266 781 quibus
1296 729 1507 769 iuventus
1529 741 1553 768 a
1575 728 1722 769 Socie-

86 795 173 833 tate
202 793 442 833 erudiatur.
474 793 671 833 Tandem
702 795 791 834 dux
823 795 917 846 ipse
948 795 1177 836 Coloniam
1217 795 1351 841 venit,
1385 794 1646 846 rogavitque
1668 794 1719 835 D.

86 858 327 898 Henricum
357 860 404 898 vt
435 859 576 909 primo
597 872 775 910 quoque
798 863 993 912 tempore
1015 873 1061 900 se
1083 860 1232 900 itineri
1254 860 1517 911 accingeret,
1540 861 1582 899 et
1603 859 1722 900 auri-

85 935 184 975 gam
206 935 305 963 cum
328 923 465 963 rheda
485 924 592 973 (alio
614 925 729 964 enim
755 925 849 976 ipse
871 926 1095 974 tendebat)
1119 926 1253 965 iussit
1274 926 1491 976 tantisper
1511 924 1723 965 Coloniae

85 989 280 1036 haerere,
325 988 535 1029 adiuncto
579 989 754 1029 itineris
797 991 956 1030 comite
1001 991 1141 1031 nobili
1177 992 1367 1043 quodam
1403 991 1496 1030 viro
1528 990 1723 1030 familiae

84 1065 206 1102 suae,
239 1054 387 1104 quoad
430 1054 560 1094 Pater
602 1055 656 1094 ad
703 1056 785 1095 iter
828 1058 1010 1107 paratus
1053 1059 1182 1096 esset.
1230 1057 1383 1108 Itaque
1421 1056 1618 1096 secundo
1652 1056 1723 1095 die

84 1119 339 1160 Decembris
367 1131 467 1160 cum
500 1132 586 1160 vno
616 1132 670 1160 ex
700 1121 912 1161 fratribus
943 1123 1109 1162 nostris
1140 1124 1151 1146 ¹
1184 1124 1225 1162 et
1254 1134 1353 1162 cum
1394 1122 1587 1173 quodam
1617 1122 1724 1161 alte-

85 1184 179 1225 rius
208 1185 428 1237 gymnasii
451 1185 627 1233 lectore,
652 1186 757 1226 hinc
780 1187 1003 1237 profectus
1032 1190 1112 1227 est.
1147 1188 1198 1227 Et
1229 1199 1282 1227 ne
1312 1187 1507 1238 populus
1537 1187 1724 1239 grauius

85 1250 216 1290 ferret
248 1250 296 1290 D.
330 1250 510 1291 Henrici
555 1252 887 1302 profectionem,
936 1253 1338 1293 reuerendissimus
1378 1255 1528 1292 noster
1556 1252 1725 1293 archie-

85 1315 294 1367 piscopus
324 1316 371 1355 in
391 1316 489 1356 eius
510 1316 655 1356 locum
687 1318 1021 1369 suffraganeum
1052 1330 1182 1358 suum
1204 1320 1219 1342 ²
1250 1318 1439 1366 suffecit,
1472 1318 1549 1370 qui
1579 1318 1724 1370 gratia

83 1382 125 1420 et
145 1381 347 1421 doctrina
368 1381 609 1432 plurimum
633 1382 764 1421 etiam
801 1383 928 1423 valet.
965 1383 1060 1431 Hic,
1094 1396 1232 1435 quum
1263 1384 1458 1435 primum
1489 1383 1718 1435 inciperet,

83 1448 126 1486 et
154 1458 201 1486 se
230 1446 278 1486 in
307 1446 453 1487 locum
484 1447 590 1487 dicti
623 1447 768 1487 Patris
798 1448 852 1487 ad
884 1450 1058 1499 tempus
1089 1449 1323 1489 suffectum
1358 1449 1522 1500 populo
1552 1449 1722 1488 denun-

83 1512 233 1560 ciaret,
257 1524 418 1563 magna
440 1513 487 1552 in
508 1513 587 1552 illo
608 1514 888 1564 amplissimo
910 1515 1142 1554 hominum
1165 1527 1377 1555 concessu
1402 1514 1497 1567 [sic]
1530 1515 1581 1555 D.
1607 1514 1726 1554 Hen-

85 1577 175 1617 rico
205 1578 385 1619 tribuit:
418 1581 461 1619 et
495 1579 631 1619 simul
674 1580 852 1631 rogauit
895 1592 950 1619 ne
995 1580 1158 1620 ferrent
1201 1581 1428 1620 auditores
1473 1580 1722 1629 molestius,

84 1655 188 1682 nam
217 1646 365 1683 essent
396 1645 649 1696 propediem
680 1645 807 1685 illuni
840 1646 1057 1696 recepturi
1084 1646 1152 1686 vbi
1177 1647 1436 1686 inclinatam
1461 1646 1722 1697 religionem

83 1709 201 1760 apud
232 1708 589 1750 illustrissimum
633 1710 789 1750 ducem
834 1711 1059 1751 erexisset.
1108 1712 1227 1751 Haec
1267 1714 1387 1757 sunt,
1426 1712 1477 1751 R.
1512 1712 1578 1759 P.‚
1611 1723 1725 1762 quae

83 1773 317 1814 scribenda
356 1778 657 1816 occurrerunt.
704 1776 877 1817 Obnixe
921 1789 1131 1827 rogamus
1162 1780 1206 1816 vt
1236 1777 1404 1817 sanctis
1435 1777 1541 1825 tuis,
1573 1779 1615 1816 et
1645 1777 1726 1816 Pa-

84 1840 201 1879 trum
245 1852 296 1880 ac
343 1841 528 1881 fratrum
574 1842 781 1892 precibus
824 1844 867 1881 et
909 1842 1141 1882 sacrificiis
1184 1842 1423 1894 collegium
1466 1842 1725 1882 coloniense

84 1904 241 1945 iuuare
270 1906 470 1958 digneris
504 1919 593 1958 quo
632 1907 876 1959 aliquando
923 1908 1080 1947 messis
1124 1908 1301 1947 vberior
1345 1908 1391 1947 in
1435 1907 1515 1947 Dei
1564 1908 1724 1947 horrea

84 1971 336 2023 colligatur,
359 1974 402 2011 et
426 1974 469 2012 vt
498 1973 618 2012 Deus
639 1973 782 2013 oculis
813 1973 1142 2013 misericordiae
1175 1976 1335 2013 terram
1367 1973 1727 2013 Brunswichien-

84 2048 176 2077 sem
208 2036 429 2088 respiciat,
462 2039 503 2077 et
536 2038 585 2078 R.
619 2038 670 2079 D.
702 2038 895 2078 Henrico
926 2039 1096 2078 auxilio
1117 2039 1190 2087 sit,
1219 2051 1306 2090 quo
1338 2039 1472 2078 miser
1501 2041 1543 2078 et
1573 2038 1727 2078 seduc-

85 2103 157 2142 tus
179 2102 372 2153 populus
392 2105 694 2152 conuertatur‚
718 2105 761 2143 et
781 2116 906 2144 sacra
929 2117 1113 2144 romana
1136 2104 1321 2144 ecclesia
1351 2104 1562 2144 dilatetur
1591 2103 1724 2143 etiam

85 2167 131 2207 in
161 2168 476 2219 septentrione.
508 2169 554 2209 Si
586 2182 654 2209 res
698 2170 903 2210 succedat
943 2172 989 2209 vt
1029 2182 1261 2221 speramus
1296 2170 1340 2209 in
1378 2170 1508 2217 Dno.‚
1541 2169 1596 2209 ad
1626 2169 1727 2208 reli—

84 2245 217 2285 quam
262 2232 499 2274 Saxoniam
549 2235 617 2274 via
661 2238 811 2286 aperta
856 2236 951 2275 erit.
1000 2236 1050 2275 R.
1095 2236 1140 2275 P.
1180 2235 1437 2275 Leonardus
1466 2236 1481 2258 3
1511 2234 1588 2286 qui
1637 2234 1726 2274 iam

86 2299 247 2339 melius
275 2299 408 2347 valet,
443 2303 613 2351 praeter
641 2302 830 2341 salutern
861 2314 993 2353 quam
1026 2301 1280 2353 impartitur
1311 2301 1361 2340 R.
1386 2300 1435 2341 Τ.
1468 2300 1723 2347 maximam,

85 2376 131 2404 se
161 2365 321 2405 vestris
351 2366 556 2416 precibus
586 2369 626 2406 et
657 2367 889 2407 sacrificiis
929 2367 1207 2406 commendat
1248 2366 1483 2414 obnixius3
1525 2366 1643 2417 quod
1684 2368 1726 2405 et

85 2441 168 2470 nos
196 2430 330 2470 etiam
361 2431 564 2480 facimus,
596 2444 730 2483 quam
762 2444 1002 2483 possumus
1024 2433 1291 2472 humillime.
1325 2431 1536 2472 Coloniae
1567 2431 1726 2483 Agrip-

86 2494 231 2546 pinae,
263 2496 407 2547 pridie
436 2497 721 2538 calendarum
753 2498 973 2547 Januarii,
1006 2510 1125 2537 anno
1159 2498 1274 2537 1561.

192 2561 244 2601 R.
278 2561 325 2602 P.
356 2562 405 2602 T.
438 2574 598 2603 seruus
628 2563 675 2602 in
705 2563 896 2603 Christo.

783 2629 1046 2670 GREGORIUS
1079 2630 1243 2669 FABIUs
1279 2629 1555 2668 DioNANTms
1586 2630 1601 2652 4

696 2706 750 2734 ex
778 2694 1094 2734 commissione
1126 2695 1176 2734 R.
1212 2695 1259 2734 P.
1294 2693 1512 2734 Leonardi
1552 2693 1723 2734 Kessel.

191 2761 438 2811 Inscriptio
469 2761 768 2800 desideratur.

147 2865 157 2882 ¹
181 2863 237 2896 Fr.
264 2864 421 2897 Michaell
445 2865 550 2898 Ruel.
576 2865 740 2905 ΗΑΝεΕΝ,
767 2866 788 2898 l.
808 2876 838 2899 c.
864 2867 925 2898 413
950 2876 1037 2899 ann.
1067 2868 1095 2898 1.
1122 2867 1173 2899 De
1199 2866 1267 2899 hac
1292 2866 1470 2898 missione
1493 2866 1602 2907 plura
1625 2866 1727 2898 inve-

86 2910 168 2943 nies
190 2912 290 2953 apud
314 2912 479 2945 HANSEN.

149 2961 161 2978 ²
184 2959 343 2992 Ioannes
366 2959 596 2994 Pennarius:
623 2960 787 3000 ΗΑΝΞΕΝ,
812 2961 864 2994 ib.
891 2971 978 2995 ann.
1003 2963 1044 3002 23
1071 2962 1203 3001 EUBEL,
1222 2961 1482 3001 Hierarchim
1508 2961 1583 2997 III,
1608 2962 1683 2994 367.

97 3044 99 3046 ,
149 3007 162 3025 ³
184 3005 222 3039 P.
248 3006 464 3039 Leonardus
488 3007 628 3047 Kessel,
655 3009 787 3040 rector.

148 3054 159 3072 ⁴
181 3053 320 3086 Auctor
344 3055 513 3095 poeticen
547 3055 714 3088 docebat.
750 3055 802 3089 Cf.
828 3056 959 3089 DUHR:
998 3056 1071 3089 Die
1106 3057 1273 3088 altesten
1306 3056 1636 3098 Studienplczne...
1674 3057 1724 3089 17.

85 3100 171 3134 Alia
194 3101 238 3134 de
261 3102 413 3135 auctore
438 3102 522 3135 vide
546 3103 600 3135 sis
623 3103 663 3136 in
686 3103 812 3145 Epist.
836 3104 882 3137 P.
899 3103 1050 3141 Nadal,
1084 3104 1129 3144 ΙΙ,
1154 3105 1227 3137 553.
