2028 3531
527 294 607 330 578.
635 312 678 318 -
706 295 864 331 OCANIA
892 295 912 330 7
940 294 1195 331 SEPTEMBms
1226 294 1312 329 1561
1624 293 1691 329 551

109 424 132 453 e
161 425 209 453 se
237 424 326 452 non
357 424 383 453 a
411 424 458 452 se
489 413 744 457 medesima.
777 414 819 453 al
851 425 979 454 meno
1009 425 1033 453 a
1065 412 1139 452 noi
1170 413 1272 452 altri
1303 412 1507 452 conserui
1531 412 1572 451 la
1594 412 1741 451 sanita

108 490 204 518 sua.
238 478 291 518 Di
320 478 481 530 Napoli
511 478 588 518 alli
618 479 644 518 6
673 479 717 519 (11
748 479 991 519 Settembre
1025 479 1141 519 1561.

215 543 270 584 Di
299 544 350 584 V.
384 544 435 583 R.
461 567 508 571 ——
532 544 615 584 Per
635 544 950 585 commissione
979 544 1050 584 del
1081 544 1132 583 R.
1158 544 1244 583 ΡΝ
1267 544 1451 583 Rectore
1471 566 1520 570 —
1544 543 1741 594 Indegno

107 621 239 649 seruo
268 609 315 649 in
345 608 537 650 Christo.

1133 663 1325 703 JOSEFFO
1356 662 1572 701 FABRITIO
1603 663 1631 701 1.

185 752 250 792 20.
285 751 482 791 Essendo
512 752 582 799 ,qia
613 753 767 792 scritto
798 752 829 792 il
859 752 1197 804 quadrimestre,
1244 751 1388 802 prima
1418 751 1498 790 che
1530 751 1646 790 fosse
1676 750 1741 789 in—

106 817 229 858 uiato
258 829 283 857 3
313 817 364 857 V.
401 817 448 857 R.
484 818 530 857 P.
563 818 904 857 cominciammo
939 829 1085 858 essere
1114 829 1245 857 senza
1293 816 1577 862 Prouintiale,
1610 815 1741 867 quale

105 882 137 922 il
166 882 210 922 di
241 882 418 922 settimo
448 882 492 922 di
524 882 769 923 Settembre
812 885 926 934 parti
971 883 1025 922 de
1054 883 1132 933 qui
1177 894 1255 933 per
1300 882 1453 921 Roma.
1500 881 1620 920 accio
1664 892 1741 932 per

104 948 473 987 comandamento
503 948 547 987 di
580 948 628 988 V.
663 949 714 988 R.
748 949 796 988 P.
831 950 970 999 (come
999 948 1085 1000 egli
1109 948 1148 988 ci
1175 948 1309 994 disse)
1342 947 1576 987 assistesse
1606 946 1668 985 iui
1693 945 1739 985 in

106 1012 245 1052 Roma
275 1024 358 1052 suo
393 1013 562 1052 uicario
592 1013 636 1052 in
668 1015 824 1065 questa
855 1025 935 1053 sua
980 1014 1185 1053 absenza.
1233 1012 1364 1053 Come
1395 1012 1406 1050 i
1440 1011 1642 1051 forasteri
1672 1011 1741 1050 cio

104 1089 233 1129 preso
262 1077 476 1126 habbino,
508 1078 596 1118 essi
627 1090 673 1118 se
703 1079 746 1118 lo
776 1091 933 1125 sanno,
980 1079 1103 1130 quali
1134 1090 1215 1118 son
1260 1078 1414 1129 sorzatj
1461 1088 1665 1116 mancare
1695 1076 1740 1116 di

103 1142 253 1194 quello
282 1142 363 1182 che
392 1142 437 1182 in
483 1143 617 1183 molte
646 1155 668 1182 e
698 1143 857 1194 grandi
900 1155 1001 1184 cose
1044 1145 1272 1183 mostrano
1315 1142 1572 1182 d'istimare
1616 1142 1740 1181 tanto

102 1209 271 1260 quanto
291 1208 393 1248 altri
414 1208 560 1260 pochi.
584 1208 665 1248 Noi
687 1209 789 1248 altri
811 1211 903 1249 cosi
924 1210 963 1249 ei
986 1210 1259 1254 consolamo,
1293 1208 1436 1260 prima
1458 1208 1537 1247 che
1559 1218 1739 1258 sapemo

103 1273 184 1312 che
212 1273 300 1313 tale
328 1273 352 1313 e
381 1273 425 1313 la
454 1273 641 1313 uolunta
671 1273 715 1313 di
746 1274 797 1314 V.
832 1275 882 1314 R.
918 1275 991 1323 P.;
1015 1274 1060 1314 di
1090 1274 1164 1326 poi
1194 1274 1275 1313 che
1296 1273 1334 1313 ci
1358 1273 1605 1312 ricordamo
1626 1272 1740 1311 delle

102 1338 254 1389 parole
283 1338 352 1378 ch’
367 1338 454 1390 egli
484 1338 604 1378 disse
633 1351 658 1378 a
688 1340 791 1379 tutti
822 1340 835 1379 i
868 1340 999 1379 Padri
1029 1342 1072 1379 et
1102 1339 1264 1379 fratelli
1295 1339 1339 1378 di
1365 1341 1522 1390 questo
1552 1337 1739 1389 collegio

102 1403 381 1444 esortandoci
412 1404 501 1443 alla
525 1416 844 1455 perseueranza
876 1405 1027 1457 nel[la]
1061 1405 1294 1445 uocatione
1316 1416 1338 1444 e
1359 1403 1549 1443 dandoci
1579 1403 1739 1443 alcuna

102 1480 316 1521 speranza
344 1469 389 1508 di
420 1471 568 1521 presto
598 1470 782 1510 ritorno.

181 1535 247 1575 ffl,
281 1535 364 1574 Fra
392 1536 517 1574 tanto
547 1536 743 1575 anchora
773 1547 796 1575 e
826 1538 992 1575 uenuta
1025 1548 1143 1575 noua
1173 1536 1289 1575 della
1323 1537 1459 1574 morte
1481 1534 1551 1574 del
1573 1533 1740 1573 charis-

102 1600 216 1640 simo
247 1602 399 1640 nostro
429 1600 604 1640 fratello
645 1601 886 1641 Domenico
931 1602 1202 1650 Fiorenlino,
1235 1602 1315 1641 che
1345 1601 1389 1640 di
1420 1601 1496 1652 qui
1527 1600 1739 1640 mandato

102 1665 147 1705 in
179 1664 384 1706 Calabria
414 1666 469 1705 da
504 1666 804 1714 l'obedienza,
852 1668 999 1717 presto
1028 1667 1051 1706 e
1081 1668 1197 1706 stato
1241 1666 1514 1705 rimunerato
1558 1665 1632 1705 dal
1675 1664 1740 1704 Si-

101 1742 239 1782 gnore
267 1730 383 1782 dopo
413 1731 571 1771 alcune
593 1731 756 1771 fatiche
787 1743 913 1782 prese
944 1731 1007 1771 iui
1037 1743 1115 1783 per
1145 1732 1187 1771 la
1219 1732 1314 1770 fede
1345 1731 1531 1770 catolica
1552 1730 1739 1769 insieme

101 1807 184 1835 con
213 1795 287 1835 doi
332 1796 463 1836 Padri
494 1796 547 1836 de
578 1796 734 1844 nostri,
785 1797 908 1848 quali
952 1797 1008 1836 da
1054 1798 1193 1836 Roma
1237 1797 1309 1848 gia
1354 1797 1649 1847 quest'estate
1679 1795 1739 1834 lla

101 1861 332 1901 andorono
360 1873 438 1913 per
480 1862 636 1901 ordine
666 1862 710 1901 di
743 1862 792 1902 V.
826 1863 877 1902 R.
912 1863 959 1902 P.
993 1875 1017 1902 a
1048 1862 1339 1914 requisitione
1382 1862 1541 1901 d'altri
1586 1863 1739 1901 contra

101 1928 218 1967 certa
248 1929 361 1966 setta
390 1927 433 1966 d'
451 1927 630 1979 hereticj
664 1927 797 1967 ch'in
826 1929 973 1980 quelle
1010 1928 1123 1979 parti
1155 1928 1275 1967 s'era
1307 1928 1469 1975 leuata,
1493 1939 1516 1966 e
1546 1926 1737 1978 ades[so]

101 1992 155 2032 de
183 1992 228 2032 di
259 1992 306 2032 in
335 1992 380 2032 di
409 1992 537 2044 quini
568 1993 613 2032 in
644 1992 803 2045 Napoli
848 1994 1133 2045 s’aspettano
1168 2006 1251 2033 con
1296 1993 1531 2033 uittorioso
1560 2005 1583 2032 e
1613 1992 1739 2032 felice

100 2069 307 2097 successo
336 2058 390 2097 de
419 2057 656 2109 l'impresa
685 2059 715 2098 2.

207 2122 326 2163 Laus
355 2123 462 2163 Deo.

863 2253 977 2305 578

495 2370 888 2423 IOSEPI-IUS
962 2371 1340 2424 GUIMERA

597 2498 750 2524 OCANIA
777 2488 797 2524 7
824 2498 1075 2525 SEPTEMBms
1103 2488 1191 2525 1561
1219 2488 1244 2524 ³.

99 2597 135 2632 1.
166 2593 401 2634 Sociorum
430 2596 637 2634 valetudo
667 2597 707 2635 et
737 2597 954 2647 religiosa
991 2597 1248 2648 disciplina.
1281 2597 1659 2636 Scholasticorum
1689 2598 1737 2636 in

207 2659 372 2698 litteris
401 2661 440 2699 et
471 2660 596 2699 bonis
641 2662 841 2700 moribus
869 2662 1093 2712 profectus
1109 2679 1122 2712 ,·
1153 2675 1345 2712 quorum,
1377 2663 1522 2711 aliqui
1550 2662 1738 2700 Praedi-

206 2724 410 2764 catorum
454 2726 659 2765 ordinem
703 2729 901 2778 inyressi
942 2729 1064 2775 sunt,
1099 2728 1182 2767 alii
1225 2728 1282 2767 ad
1327 2727 1589 2767 Societatem
1621 2728 1738 2777 aspi-

162 2835 173 2853 ¹
195 2834 289 2868 Vide
311 2844 345 2877 p.
371 2836 442 2868 111.

161 2889 174 2907 ⁹
195 2887 252 2921 Fr.
278 2888 496 2921 Dominicus
519 2889 757 2923 Florentinus
781 2891 919 2924 missus
943 2893 1023 2924 erat
1045 2893 1085 2924 in
1109 2892 1319 2925 Calabriam
1343 2901 1426 2925 cum
1450 2892 1516 2925 ΡΡ.
1545 2892 1678 2926 Crucio
1701 2893 1739 2926 et

99 2939 287 2975 Xavierre.
312 2942 406 2976 Vide
429 2952 511 2984 sup.
537 2944 654 2985 Epist.
678 2945 750 2983 538,
775 2945 848 2984 539,
872 2946 945 2984 543,
970 2947 1042 2985 544,
1067 2947 1139 2979 545.

161 2996 174 3014 ³
196 2994 249 3027 Ex
271 2996 416 3037 autogr.
442 2997 481 3028 in
506 2997 584 3029 cod.
610 2997 724 3039 Hisp.
749 2998 810 3038 98,
835 2998 871 3031 ff.
896 2999 969 3039 339,
997 3000 1080 3039 3403
1118 3000 1221 3041 prius
1255 3001 1326 3032 265.
1364 3000 1494 3032 Exstat
1528 3000 1737 3042 exemplum

98 3046 258 3081 latinum
282 3049 321 3081 in
344 3048 380 3082 ff.
404 3050 477 3089 316,
501 3050 574 3083 317.
600 3050 731 3083 Exstat
755 3053 913 3094 exempl.
949 3053 1078 3085 datum
1115 3055 1129 3085 l
1167 3053 1266 3095 Sept.
1302 3054 1341 3085 in
1375 3053 1504 3086 archiv
1552 3054 1735 3087 colonien.

99 3100 264 3141 HAnsmz,
286 3102 311 3136 l.
336 3112 366 3136 c.
391 3103 464 3137 768.
