2028 3531
342 274 413 309 606
816 273 1020 310 Li'rrERAi:
1047 274 1393 318 QUAanESTRsss

294 403 379 443 que
408 391 563 431 siendo
593 392 645 431 de
676 393 814 431 noehe
857 393 1141 435 eneontrado.
1182 391 1251 431 fue
1294 392 1347 430 de
1389 391 1537 430 sabito
1567 391 1789 431 desafiado
1824 400 1857 440 ἃ,
1888 404 1914 443 y

294 455 357 495 asi
392 458 560 495 muerto
589 456 730 495 dende
759 469 781 495 a
814 468 937 507 poco,
984 468 1040 495 no
1070 468 1116 495 se
1146 456 1185 495 le
1217 456 1333 506 pudo
1379 467 1589 496 socorrer.
1638 456 1834 506 Despues
1863 457 1915 496 de

295 521 338 560 lo
367 521 471 572 qual
501 532 547 560 se
578 520 710 560 temio
739 533 792 560 en
822 523 912 560 este
943 521 1103 571 pueblo
1137 533 1191 559 vn
1223 532 1325 571 muy
1356 521 1520 569 grande
1550 520 1800 570 escandalo,
1831 533 1916 573 que

294 597 349 636 ya
378 598 466 637 yua
495 586 705 625 tomando
734 585 977 637 prineipio;
1025 598 1049 636 y
1080 585 1273 624 deziame
1303 597 1361 624 vn
1395 585 1532 624 Padre
1561 597 1646 636 que
1682 586 1832 625 vuiera
1861 597 1915 625 en

294 649 334 690 e'l
366 652 555 690 muertes
583 650 636 690 de
665 650 868 702 alguuos.
901 650 988 690 Fue
1018 650 1196 689 seruido
1225 650 1266 690 el
1295 649 1434 689 Seiior
1469 662 1554 701 que
1583 662 1665 690 con
1695 651 1737 690 la
1786 651 1916 690 inter-

294 714 444 765 oesion
473 728 498 766 y
530 727 689 765 ruegos
717 715 786 754 del
820 716 888 754 Ρ.Θ
923 718 1064 754 rector
1093 727 1118 765 y
1150 715 1216 754 los
1246 717 1466 763 nne-siros,
1513 726 1558 754 se
1589 727 1700 765 puso
1743 727 1797 754 en
1830 715 1916 755 ello

296 791 390 831 paz,
421 792 448 831 y
477 779 571 819 esta
601 780 703 819 todo
733 779 961 830 sosegado.
995 779 1076 819 Sea
1107 780 1149 818 la
1179 779 1317 830 gloria
1348 779 1465 818 dello
1494 792 1519 818 a
1548 780 1678 831 aquel
1709 792 1787 831 por
1805 792 1917 831 euyo

295 844 463 884 auxilio
493 856 570 884 sus
602 844 810 883 minimos
839 844 1010 883 sieruos
1041 844 1083 883 lo
1117 844 1205 883 han
1237 844 1499 894 alcanoadog
1532 844 1568 883 el
1601 844 1703 895 quel
1747 856 1918 895 espera-

296 921 390 949 mos
419 909 462 948 lo
491 908 754 948 continuara
783 921 809 960 y
839 908 1127 959 augmentarat
1158 908 1223 947 asi
1256 920 1360 959 para
1389 909 1475 948 ello
1496 908 1529 956 ὓ,
1575 921 1700 948 6οῐΠο
1730 921 1833 960 para
1877 909 1917 948 el

295 973 446 1013 demas
475 973 664 1013 seruicio
694 985 820 1024 suyo,
853 973 890 1012 si
921 985 1003 1012 eon
1034 974 1100 1013 las
1129 974 1358 1013 oraciones
1387 974 1440 1013 de
1470 974 1520 1013 V.
1556 973 1624 1013 Ρ.(ἰ
1652 986 1678 1025 y
1707 974 1761 1013 de
1791 985 1918 1013 nues-

294 1041 387 1078 tros
415 1038 678 1078 eharisimos
710 1039 873 1078 Padres
893 1051 919 1089 y
950 1039 1187 1078 hermanos
1216 1038 1405 1089 siempre
1435 1038 1653 1078 fueremos
1673 1038 1915 1090 ayudados.

296 1104 357 1143 De
387 1103 588 1144 Cordoua
630 1116 657 1154 y
687 1103 740 1142 de
770 1103 1017 1143 Diziemboe
1060 1104 1112 1142 29
1140 1104 1193 1143 (16
1224 1104 1339 1144 1561.
1391 1104 1473 1142 Por
1519 1103 1805 1143 commission
1847 1103 1918 1142 del

296 1169 366 1208 P.0
401 1170 554 1208 rector.

401 1233 463 1272 De
492 1232 543 1273 V.
577 1233 624 1272 P.
658 1232 842 1283 indigno
871 1233 1052 1272 si'ibdito
1082 1245 1134 1272 en
1166 1233 1206 1273 61
1236 1233 1319 1273 S.0¹'

1184 1365 1212 1414 ἦ
1242 1363 1449 1403 ANTONIO
1481 1375 1533 1402 DE
1564 1363 1765 1403 FONSECA
1794 1364 1823 1414 -χ-
1852 1365 1863 1387 1

1053 1598 1165 1649 592

678 1739 1117 1790 LUDOVICUS
1193 1739 1544 1789 RIETINUS

740 1888 966 1914 FLORENTIA
991 1877 1038 1913 29
1064 1887 1289 1913 DECEMBRIS
1318 1877 1404 1913 1561
1431 1877 1456 1913 2.

292 2002 330 2037 1.
361 1997 491 2037 Socii.
520 1998 750 2047 Reliyfiosa
780 1998 1021 2048 disciplina
1048 1998 1226 2046 floreus.
1260 2019 1310 2024 —
1353 2001 1395 2036 2.
1439 1997 1815 2036 scholasticorum
1846 1999 1916 2036 in-

401 2063 590 2102 stitutio.
611 2063 826 2101 Mariaua
846 2064 1128 2112 congregatio
1151 2064 1268 2101 iuter
1289 2063 1394 2101 illos
1415 2063 1622 2113 erigitur.
1645 2084 1691 2088 —
1717 2066 1758 2100 3.
1778 2062 1918 2101 Fruc-

401 2130 474 2168 tus
505 2129 708 2167 laborum
739 2140 845 2178 erga
868 2130 1118 2178 proximos.
1147 2128 1382 2167 Contioues
1410 2128 1568 2166 Patris
1598 2129 1787 2167 Perusci
1815 2139 1917 2177 yra-

402 2195 484 2233 tae.
522 2193 777 2232 Concursus
808 2194 864 2232 ad
893 2194 1193 2232 sacramenta.
1226 2194 1436 2243 Eloyium
1466 2193 1517 2231 P.
1550 2193 1774 2231 Desiderii
1805 2193 1920 2243 galli

400 2271 421 2298 6
451 2261 566 2298 vivis
595 2259 716 2298 elati.
748 2281 799 2285 -
827 2262 870 2297 4.
900 2259 962 2297 De
986 2260 1067 2308 pia
1096 2260 1300 2297 virorum
1335 2259 1587 2297 sodalitate.
1620 2280 1670 2284 —
1700 2262 1742 2297 5.
1773 2256 1918 2296 Socio-

399 2337 504 2363 rum
533 2325 819 2363 mutationes.

357 2495 375 2514 a
395 2486 478 2519 Del.
502 2496 525 2527 y
542 2487 697 2519 muerto.
722 2505 762 2508 —
786 2486 804 2512 b
825 2485 907 2518 Del.
932 2494 954 2526 y
978 2495 1068 2527 para
1092 2486 1192 2517 otros
1215 2486 1274 2526 (⁶3).

358 2625 367 2641 ¹
391 2622 432 2655 In
456 2623 646 2664 responsis
680 2623 725 2655 ad
759 2621 1071 2662 interrogationes
1107 2621 1226 2653 Patris
1261 2621 1374 2653 Nadal
1409 2621 1451 2662 (Ι,
1477 2622 1564 2661 226),
1603 2630 1667 2662 per
1701 2621 1737 2653 id
1773 2622 1918 2662 tempus

295 2676 405 2715 datis,
430 2676 522 2708 dicit
544 2685 583 2708 se
607 2684 716 2717 agere
738 2675 960 2716 vigesimum
984 2675 1129 2706 sextum
1154 2675 1290 2706 aetatis
1313 2683 1465 2713 annum,
1491 2683 1571 2706 esse
1594 2683 1638 2706 ex
1662 2673 1853 2715 provincia
1876 2672 1918 2705 O-

295 2729 425 2762 caniae
447 2738 490 2761 ex
514 2729 649 2771 oppido
672 2729 771 2761 dicto
795 2728 845 2760 La
868 2728 1007 2759 Fuente
1029 2727 1073 2759 de
1098 2727 1186 2759 Pero
1208 2727 1399 2764 Naharro:
1425 2728 1634 2769 ingressum
1656 2736 1737 2759 esse
1760 2726 1919 2759 Societa-

294 2783 368 2814 tem
401 2782 586 2815 Granatae
620 2783 707 2814 ante
743 2782 922 2823 quattuor
945 2789 1074 2818 annos,
1111 2781 1147 2812 et
1171 2790 1269 2813 nune
1303 2780 1494 2812 Cordubae
1528 2780 1738 2821 theologiae
1771 2788 1917 2821 operam

294 2835 403 2868 dare:
428 2836 464 2867 et
486 2834 698 2876 frequenter
720 2833 926 2866 doctrinam
949 2832 1195 2864 christianam
1212 2833 1411 2865 carceratis
1434 2841 1628 2874 exponere.

357 2890 370 2906 ⁹
392 2887 444 2919 Ex
467 2887 683 2928 apographo
720 2895 855 2918 coaevo
878 2885 917 2917 in
941 2885 1019 2917 cod.
1045 2884 1152 2917 Rom.
1179 2885 1250 2916 126
1274 2885 1318 2918 A.
1343 2885 1378 2917 ff.
1405 2886 1557 2923 126-127;
1586 2885 1690 2926 prius
1719 2885 1789 2917 109.
1815 2884 1918 2916 Prae·

296 2939 393 2972 cedit
416 2940 454 2971 in
477 2939 513 2972 ff.
540 2940 674 2971 122-123
697 2938 903 2979 exemplum
926 2937 1085 2969 latinum
1109 2937 1189 2968 sine
1210 2938 1348 2969 niensis
1366 2938 1575 2977 notatione;
1601 2938 1636 2969 et
1660 2938 1698 2969 in
1721 2937 1757 2969 ff.
1783 2937 1918 2968 124-125

295 2993 451 3025 alterum
469 3002 525 3025 ex.
550 2993 709 3025 latinum
735 2992 863 3024 datum
887 2990 937 3023 ΙΙΙ
960 2990 1039 3022 Kal.
1067 2990 1148 3022 Dee.
1174 2990 1382 3022 Secundum
1410 2991 1572 3022 HANSEN.
1598 2991 1619 3023 1.
1645 2999 1674 3023 6.
1698 2991 1759 3022 766
1780 2990 1836 3022 est
1859 2999 1914 3022 ex.

297 3047 335 3078 in
359 3045 499 3079 archiv.
525 3046 704 3078 colonien.
730 3045 858 3078 datum
883 3044 922 3076 15
945 3044 1026 3076 Dee.
