2028 3531
558 276 636 312 418.
665 294 706 299 —
735 275 954 312 OLisiroxi:
985 275 1026 310 16
1054 274 1247 311 IANUARH
1280 276 1365 311 1561
1691 280 1737 312 §³9

148 395 379 446 plicentur,
413 395 692 446 prohibeant.
728 394 897 445 Regina
930 397 940 417 ¹
972 394 1090 433 enim
1130 396 1357 433 exercetur
1388 394 1433 433 in
1464 396 1664 434 texendis
1708 410 1781 436 au-

147 461 233 500 reis
263 460 363 500 telis
392 462 432 500 et
463 460 689 500 similibus
718 459 944 511 operibus,
979 462 1025 498 ut
1059 462 1209 509 postea
1253 459 1298 498 in
1346 460 1483 499 nostri
1529 462 1681 511 templi
1717 474 1782 500 sa—

145 526 287 565 crario
309 526 399 565 Deo
420 526 548 565 dicet.
575 526 786 576 Princeps
807 525 987 564 domina
1009 525 1236 564 Elisabeth
1258 526 1287 567 ².
1311 525 1408 575 ejus
1433 525 1597 575 affinis,
1623 538 1784 577 magna

145 603 245 631 cum
275 591 559 630 contentione
590 591 715 642 petijt
745 602 772 629 a
802 592 1021 641 praefecto
1052 590 1203 640 templi
1236 590 1392 633 nostri,
1416 590 1493 641 qui
1523 591 1640 630 filias
1669 592 1785 641 ejus-

145 657 243 696 dem
273 656 398 695 audit
428 656 480 695 de
514 656 703 707 peccatis
732 656 1009 703 confitentes,
1041 658 1084 694 et
1115 655 1321 701 famulas,
1347 658 1394 695 ut
1418 656 1673 695 concederet
1697 657 1783 696 sibi

144 724 185 761 et
215 721 321 772 filijs
351 722 466 761 hanc
497 721 767 768 facultatem,
798 721 979 772 quando
1001 733 1024 760 a
1047 721 1230 760 Summo
1263 721 1475 760 pontifice
1498 734 1680 761 munere
1701 723 1784 762 hoc

143 789 406 827 consecutae
436 789 598 830 essent,
634 789 680 826 ut
710 788 891 837 possent
922 786 1074 825 lauare
1104 786 1367 837 corporalia,
1400 799 1513 837 quae
1544 799 1625 827 nos
1659 800 1785 827 uoca-

145 863 259 900 mus,
292 851 338 891 in
368 851 533 903 quibus
563 851 905 891 Sanctissimum
936 850 1101 891 Christi
1133 863 1294 902 corpus
1324 851 1430 890 dum
1463 864 1531 891 res
1565 864 1690 892 sacra
1720 853 1783 900 fit,

143 917 404 968 deponitur,
438 919 582 968 petere
612 929 658 956 se
690 919 737 956 ut
767 917 959 956 mitteret
1002 919 1079 956 aut
1123 917 1326 964 deferret,
1365 919 1411 956 ut
1452 917 1570 960 illae,
1603 930 1787 958 munere

142 995 368 1031 concesso,
400 983 447 1022 in
478 983 610 1022 rebus
654 982 820 1022 nostris
865 984 1047 1033 possent
1091 983 1232 1033 fungi.
1264 983 1317 1022 Et
1351 995 1452 1022 cum
1491 983 1626 1022 semel
1672 984 1786 1023 male

143 1049 339 1092 haberet,
371 1048 490 1099 quod
520 1048 626 1088 dum
658 1048 868 1095 lauasset,
892 1048 970 1087 diu
1001 1048 1047 1087 in
1077 1060 1194 1098 aqua
1224 1060 1385 1088 manus
1414 1048 1695 1095 detinuisset,
1720 1061 1787 1088 ro-

142 1114 267 1166 gauit
296 1113 413 1153 filias
441 1116 483 1153 et
513 1113 705 1153 famulas
735 1125 791 1153 ne
822 1113 942 1153 Patri
988 1113 1285 1161 munciarent,
1317 1125 1372 1152 ne
1416 1114 1670 1165 priuaretur
1708 1114 1787 1154 illo

142 1179 366 1220 exercitio.
398 1179 562 1219 Verum
593 1190 707 1229 quae
736 1181 803 1218 est
833 1181 993 1218 natura
1038 1178 1232 1227 virtutis,
1271 1181 1320 1218 ut
1353 1191 1527 1230 semper
1565 1180 1787 1220 occultata

141 1246 367 1296 appareat,
399 1244 675 1284 intellectum
704 1246 784 1285 est.
816 1244 1032 1284 Nonnulli
1079 1244 1213 1284 etiam
1258 1244 1389 1284 nobis
1432 1245 1565 1284 ualde
1603 1245 1785 1296 addicti,

141 1313 403 1351 ornamenta
445 1311 612 1362 quibus
654 1310 814 1350 altaria
857 1311 1193 1362 cooperirentur
1235 1310 1504 1350 tribuerunt.
1544 1311 1637 1350 Rex
1681 1323 1787 1351 uero

142 1376 434 1417 Sebastianus
463 1376 510 1415 in
539 1376 610 1416 die
641 1376 753 1416 festo
791 1376 1149 1416 circumcisionis
1192 1375 1373 1415 Domini
1417 1376 1472 1415 ad
1518 1388 1600 1416 nos
1644 1377 1784 1424 uenit,

141 1454 243 1482 cum
273 1454 362 1493 quo
392 1442 522 1482 multi
553 1442 640 1482 uiri
670 1441 888 1494 primarij,
922 1443 970 1482 ut
1005 1453 1102 1481 mos
1131 1443 1212 1489 est,
1244 1441 1322 1493 qui
1352 1453 1453 1482 cum
1497 1441 1688 1494 ingressi
1719 1454 1786 1482 es-

141 1510 240 1549 sent
268 1520 369 1549 cum
399 1521 500 1560 rege
530 1508 776 1548 sacrarium
806 1508 852 1548 in
882 1520 971 1560 quo
1001 1520 1212 1559 praesepe
1243 1509 1400 1548 fratres
1430 1508 1708 1556 statuissent,
1738 1510 1788 1548 ut

145 1574 362 1614 Dominus
392 1585 560 1626 pauper
588 1585 635 1614 se
664 1585 767 1614 cum
796 1573 888 1613 illis
917 1573 1282 1619 communicaret,
1319 1575 1362 1613 et
1404 1573 1451 1612 in
1494 1585 1583 1625 quo
1628 1573 1787 1613 fratres

143 1642 248 1680 uota
278 1641 570 1680 renouassent
612 1640 767 1680 eodem
811 1640 938 1686 festo,
971 1639 1119 1679 mirati
1163 1641 1205 1679 et
1248 1641 1479 1690 stupentes
1509 1639 1600 1679 Deo
1630 1639 1787 1679 laudes

142 1705 367 1757 supplices
396 1706 668 1746 deferebant.
1223 1707 1225 1709 ’

220 1772 259 1811 8.
293 1771 362 1811 Fit
394 1783 583 1823 magnus
625 1782 871 1811 concursus
900 1770 955 1810 ad
986 1770 1230 1818 doctrinas,
1261 1769 1514 1816 conciones,
1546 1770 1787 1810 confessio-

140 1848 234 1884 nes,
267 1837 497 1888 maiorque
527 1836 671 1876 factus
701 1838 832 1883 esset,
865 1835 911 1876 ni
943 1835 1144 1887 impediti
1189 1835 1343 1887 templi
1387 1835 1594 1887 angustia
1638 1835 1789 1886 prohi-

141 1904 358 1944 beremur.
390 1903 555 1942 Verum
586 1902 787 1953 posthac,
811 1902 891 1941 Dei
921 1901 1219 1942 subueniente
1248 1901 1434 1949 auxilio,
1460 1904 1636 1941 utemur
1666 1913 1786 1941 nouo

141 1968 306 2019 templo
349 1970 391 2008 et
433 1970 581 2008 uetere
626 1967 777 2015 simul,
813 1968 954 2008 donec
984 1967 1239 2018 perficiatur
1281 1966 1401 2017 quod
1447 1967 1671 2018 inceptum
1703 1969 1784 2006 est.

141 2032 250 2073 Cum
281 2033 400 2073 enim
431 2033 732 2073 necessarium
777 2035 892 2073 esset
936 2035 985 2072 ut
1028 2033 1341 2083 rumperentur
1378 2032 1567 2083 parietes
1598 2034 1785 2078 ueteres,

142 2100 190 2138 ut
219 2110 387 2138 nouum
418 2098 634 2149 templum
674 2098 970 2149 perficeretur,
1002 2097 1297 2137 constitutum
1341 2099 1406 2137 est
1451 2099 1501 2136 ut
1543 2099 1789 2148 tergeretur

142 2164 335 2211 interim,
368 2164 611 2215 fierentque
641 2164 730 2204 duo
760 2163 921 2203 altaria
951 2163 998 2202 in
1030 2163 1167 2203 ueteri
1198 2163 1379 2214 templo,
1413 2165 1461 2203 ut
1491 2162 1555 2202 sic
1583 2162 1789 2213 capacior

140 2230 265 2270 locus
295 2232 566 2277 remaneret3
599 2232 706 2270 sunt
735 2230 888 2270 omnia
912 2229 1007 2281 jam
1037 2229 1175 2277 facta3
1209 2229 1312 2277 cito,
1346 2228 1524 2268 uolente
1555 2229 1661 2276 Deo,
1691 2240 1785 2268 mu-

141 2296 357 2336 tabuntur
386 2296 433 2336 in
463 2308 633 2336 nouum
664 2296 932 2344 necessaria,
964 2298 1007 2335 et
1036 2295 1097 2334 ita
1129 2295 1307 2335 facilius
1346 2295 1424 2346 qui
1470 2295 1690 2342 uenerint,
1724 2295 1787 2334 lo-

141 2373 242 2402 cum
272 2362 516 2411 habebunt,
548 2362 605 2401 ob
635 2361 995 2402 commoditatem
1027 2363 1069 2400 et
1099 2360 1312 2412 temporis
1341 2363 1383 2400 et
1413 2361 1514 2401 loci.
1548 2360 1642 2400 Hoc
1674 2360 1786 2400 festo

141 2427 401 2467 Natiuitatis
430 2427 820 2467 communicarunt
851 2427 970 2478 apud
1000 2438 1083 2466 nos
1114 2426 1233 2473 10200,
1266 2428 1316 2466 ut
1345 2426 1496 2466 uidere
1527 2428 1593 2466 est
1623 2437 1676 2465 ex
1706 2437 1787 2465 nu-

143 2504 262 2532 mero
291 2492 599 2533 formularum.
631 2492 748 2532 Eunt
778 2492 988 2532 nonnulli
1032 2492 1087 2531 ad
1131 2503 1350 2531 carcerem
1391 2492 1621 2543 publicum
1650 2503 1787 2530 causa

145 2558 473 2598 audiendarum
513 2558 862 2605 confessionum,
895 2569 1221 2608 nonnunquam
1252 2559 1301 2597 ut
1329 2557 1617 2597 consolentur
1645 2559 1688 2596 et
1716 2557 1792 2596 ad-

141 2624 249 2663 dant
277 2623 454 2663 animos
483 2623 554 2674 ijs,
587 2623 664 2674 qui
694 2622 955 2674 suspendio,
978 2624 1054 2662 aut
1085 2622 1174 2662 alio
1205 2634 1364 2673 genere
1394 2622 1565 2665 mortis,
1597 2621 1788 2661 necandi

141 2690 260 2729 sunt.
285 2688 642 2740 Frequentantur
663 2700 989 2740 nonnunquam
1011 2688 1161 2735 etiam,
1184 2688 1365 2739 quando
1387 2689 1607 2727 uocantur
1632 2687 1789 2727 Patres

141 2755 198 2793 ab
221 2754 589 2805 jnquisitoribus,
621 2765 818 2794 carceres
847 2756 889 2793 et
918 2754 1080 2793 domus
1101 2760 1119 2779 ἢ
1149 2765 1303 2793 eorum
1347 2753 1424 2804 qui
1469 2764 1603 2792 causa
1634 2752 1790 2792 infide-

203 2910 221 2929 a
242 2902 369 2934 domos
394 2911 465 2934 ms.

205 3028 215 3045 ²
238 3026 443 3060 Catharina
466 3026 678 3066 Austriaca,
703 3026 856 3059 Ioannis
884 3026 934 3058 III
958 3026 1084 3059 vidua.

204 3083 216 3100 2
238 3081 290 3114 Cf.
315 3081 410 3113 Lv‘tt.
441 3080 662 3120 Qnadrim„
687 3080 748 3120 VI,
776 3080 846 3119 119,
872 3081 1000 3112 annot.
1026 3080 1056 3113 Q,
