2028 3531
460 270 540 306 563.
569 291 610 296 -
640 269 914 306 INGoLs'rAmo
943 269 958 304 1
989 268 1245 304 SEPTEMBms
1281 267 1368 303 1561
1612 267 1680 302 463

854 479 966 530 563

473 623 527 673 Ρ.
586 622 927 673 HENRICUS
983 619 1354 671 ARBOREUS

544 753 815 780 INGOLSTADm
845 742 860 778 1
889 751 1140 778 SEPTEMBms
1169 741 1255 776 1561
1285 741 1310 776 1.

88 870 129 905 1.
161 866 395 906 Sociorum
425 865 647 903 valetudo.
681 864 925 902 Numerus.
976 863 1182 912 Ingressi
1212 863 1260 900 in
1293 860 1571 900 Societatem.
1604 883 1653 887 -—
1685 864 1728 899 2.

199 931 451 980 Disciplina
485 930 701 979 religiosa
719 929 861 978 floret.
885 928 977 966 Pro
998 928 1119 977 felici
1139 927 1319 966 concilii
1345 926 1583 965 tridentini
1605 927 1728 964 excitu

199 1008 347 1047 preces
389 997 477 1034 Deo
522 995 796 1044 funduntur.
841 1016 887 1019 —
929 997 970 1031 3.
1000 993 1197 1031 Fructus
1240 1005 1292 1031 erc
1337 993 1728 1030 sacramentorum

199 1061 613 1100 administratione.
637 1080 687 1086 »-
715 1063 759 1098 4.
794 1058 1028 1097 Comoedia
1050 1058 1101 1096 ab
1122 1057 1402 1096 scholasticis
1432 1057 1640 1095 exhibita.
1674 1057 1728 1094 Ε-

194 1127 367 1177 piscopi
396 1126 652 1164 eistatensis
682 1124 997 1163 benevolentia.
1021 1145 1071 1149 —
1101 1127 1143 1161 5.
1174 1123 1314 1161 Aedes
1337 1122 1653 1172 perficiuntur.
1678 1145 1727 1148 —

198 1215 249 1218 —
279 1195 320 1230 6.
351 1191 408 1230 In
453 1191 773 1229 catholicorum
807 1189 1080 1228 coemeteriis
1110 1188 1347 1238 sepultura
1386 1188 1622 1226 haereticis
1652 1200 1727 1226 ne-

198 1258 350 1308 yatur.

175 1364 210 1402 1.
242 1364 272 1413 ἦ
294 1363 382 1402 Ihs.
407 1362 650 1401 Transacto
671 1373 790 1401 nunc
811 1362 1004 1412 quatuor
1031 1359 1334 1411 proximorum
1370 1360 1591 1399 mensium
1631 1371 1727 1398 cur·

94 1429 250 1474 riculo.
274 1428 533 1467 Reuerende
553 1427 601 1466 in
622 1427 682 1466 X0
714 1427 803 1471 Pr..
827 1438 879 1466 ea
909 1426 1063 1477 paucis
1092 1425 1289 1476 aperiam
1319 1425 1373 1464 de
1402 1425 1568 1476 quibus
1589 1425 1728 1464 Reue-

95 1494 272 1534 rendan]
319 1493 635 1533 paternitatem
683 1495 872 1532 vestram
920 1491 1046 1531 iuxta
1094 1493 1316 1541 receptum
1362 1502 1412 1530 ac
1456 1477 1728 1530 lauda'bilem

91 1561 241 1600 nostre
262 1558 496 1599 Societatis
517 1569 683 1597 morem
703 1558 916 1597 conuenit
944 1557 1172 1596 certiorem
1204 1556 1313 1595 fieri.
1348 1556 1498 1595 Primo
1527 1556 1728 1595 omnium

87 1628 223 1677 (quae
254 1624 333 1664 Dei
363 1626 430 1663 est
459 1623 617 1675 gratia)
658 1635 741 1662 nos
779 1634 950 1669 omnes,
992 1624 1081 1661 tam
1122 1622 1275 1661 Patres
1310 1633 1444 1672 quam
1476 1622 1649 1669 tratres,
1682 1621 1729 1660 in

92 1691 176 1730 hoc
195 1689 383 1741 collegio
405 1700 615 1740 prospera
636 1688 699 1728 sic
720 1688 830 1727 satis
861 1688 1052 1727 fruimur
1083 1687 1352 1726 valetudine.
1386 1686 1551 1726 Sumus
1580 1688 1729 1726 autem

92 1756 156 1803 16,
179 1767 370 1807 quorum
400 1754 598 1806 quinque
628 1753 880 1804 sacerdotii,
904 1756 992 1792 tres
1012 1755 1160 1792 autem
1191 1753 1468 1803 dyaconatus
1497 1752 1728 1791 eminenta

91 1822 324 1873 dignitate.
347 1820 508 1872 reliqui
538 1820 684 1859 adhuc
705 1819 753 1858 in
774 1819 1025 1858 minoribus
1054 1820 1132 1858 aut
1161 1818 1309 1858 laicali
1340 1820 1458 1858 statu
1490 1820 1595 1858 sunt
1624 1830 1729 1858 con-

91 1887 260 1932 stituti;
293 1899 346 1926 ex
376 1886 448 1925 his
482 1888 570 1925 tres
603 1887 709 1925 sunt
751 1885 930 1936 nouitij,
976 1896 1167 1935 quorum
1196 1884 1220 1923 02
1250 1895 1393 1935 nuper
1427 1884 1513 1923 huc
1544 1883 1730 1924 Colonia

92 1954 324 1995 venerunt,
357 1951 515 1991 tertius
545 1955 689 1990 autem
720 1950 981 2001 Salisburga
1011 1962 1037 1989 a
1067 1951 1200 1989 fratre
1229 1961 1327 1996 suo,
1359 1949 1633 1989 dominicani
1665 1949 1731 1988 in-

91 2018 236 2057 stituti
266 2018 445 2057 doctore
474 2017 597 2064 italo,
631 2016 811 2055 nomine
841 2015 1066 2055 Feliciano
1096 2014 1114 2040 b
1141 2015 1235 2066 (qui
1267 2014 1386 2065 apud
1416 2014 1729 2066 Salishurgen—

92 2095 163 2123 ses
197 2091 211 2110 0
245 2083 338 2134 agit
380 2082 654 2133 episcopum)
690 2083 720 2124 2.
759 2082 939 2130 missus,
986 2083 1031 2120 vt
1075 2083 1118 2120 et
1160 2081 1255 2131 ipse
1299 2082 1477 2120 nostrae
1520 2079 1729 2120 Societati

90 2149 424 2199 adiungeretur,
457 2160 544 2199 qua
575 2147 628 2186 de
649 2159 694 2186 re
715 2147 803 2186 ian]
830 2146 1070 2197 aliquoties
1100 2158 1199 2186 cun]
1233 2146 1328 2186 Pre.
1363 2146 1547 2185 Rectore
1577 2148 1730 2185 nostro

93 2226 169 2265 per
198 2214 350 2253 literas
379 2215 540 2264 egerat.
571 2212 681 2253 Cum
711 2214 859 2252 autem
892 2212 930 2251 is
960 2212 1019 2251 sit
1048 2211 1117 2251 vir
1145 2211 1304 2251 doctus
1334 2213 1375 2250 et
1407 2211 1523 2262 pius,
1556 2213 1728 2250 nostro·-

92 2291 279 2330 rumque
309 2278 506 2325 patrum,
538 2278 736 2329 adeoque
770 2277 1004 2317 Societatis
1046 2279 1225 2316 nostrae
1268 2276 1440 2316 amicus
1478 2276 1599 2316 haud
1635 2276 1729 2315 vul-

87 2344 226 2395 -garis‚
278 2344 423 2383 noluit
461 2342 479 2369 d
524 2344 719 2387 fratrem.
765 2343 968 2394 alioquin
1017 2354 1095 2393 pro
1144 2342 1316 2381 ratione
1369 2341 1527 2381 aetatis
1579 2341 1730 2380 animo

153 2489 171 2507 a
192 2480 356 2512 eminent
379 2480 425 2511 in
448 2488 589 2520 marg..
615 2479 736 2511 deleto
758 2487 794 2511 v.
820 2478 924 2519 quod
947 2478 1025 2519 leyi
1048 2478 1199 2519 nequit.
1225 2497 1263 2499 —
1287 2478 1305 2504 b
1326 2478 1375 2509 In
1398 2486 1471 2510 nes.
1496 2477 1659 2509 videtur
1681 2477 1731 2509 le-

91 2534 263 2575 gendnm
289 2533 494 2565 Felicoano.
520 2552 559 2562 ἡ
583 2541 598 2559 o
618 2532 744 2564 Prius
770 2532 919 2563 rectius
948 2531 1283 2572 Salisburgensem.
1309 2550 1348 2553 -—
1372 2531 1391 2557 d
1412 2530 1458 2562 In
1484 2539 1556 2562 ms.
1582 2530 1732 2571 legitur

92 2587 228 2626 voluit;
247 2596 374 2628 supra
390 2595 413 2618 v
429 2586 622 2627 seriptum
640 2587 697 2618 est
712 2585 799 2617 alia
815 2594 936 2617 manu
956 2594 991 2624 n,
1014 2586 1053 2616 nt
1070 2585 1268 2625 legeretur
1284 2584 1417 2623 noluit,
1432 2584 1536 2625 quod
1552 2584 1731 2615 contat-ta

92 2641 220 2673 oratio
236 2639 444 2681 postulare
470 2639 639 2672 videtur.
664 2639 713 2670 In
736 2640 900 2679 utroque
917 2647 975 2671 ex.
994 2638 1142 2671 codicis
1170 2637 1299 2670 Germ.
1325 2637 1398 2669 143
1421 2637 1569 2678 legitur
1596 2636 1730 2677 noluit,

93 2694 162 2726 sed
184 2694 229 2725 in
252 2694 319 2726 alt.
345 2694 562 2726 correctmn
587 2702 635 2725 ex
657 2692 788 2725 voluit.

155 2809 164 2826 ¹
188 2807 241 2840 Ex
264 2807 439 2848 originali
464 2807 503 2839 in
528 2806 606 2839 cod.
636 2805 765 2839 Germ.
790 2806 875 2841 139,
901 2806 924 2838 f.
948 2807 1007 2842 87:
1033 2807 1139 2847 prius
1172 2807 1233 2838 279
1267 2806 1371 2847 (298).
1398 2805 1460 2837 Est
1485 2804 1587 2837 aliud
1611 2813 1731 2837 exem-

92 2861 194 2903 plum
218 2861 257 2893 in
280 2861 359 2893 cod.
389 2860 518 2893 Germ.
543 2859 627 2893 143,
652 2859 676 2892 f.
702 2860 779 2899 14&
804 2859 970 2898 tertium,
996 2859 1087 2892 ibid.
1112 2859 1173 2892 fol.
1200 2860 1270 2892 143.

154 2916 166 2934 ²³
189 2914 399 2946 Felicianus
416 2913 634 2955 Ninguarda
650 2922 671 2945 a
687 2913 876 2945 Morbenio
892 2912 932 2945 O.
952 2913 1003 2947 P..
1021 2913 1086 2955 qui
1104 2914 1187 2954 post
1202 2912 1274 2944 fuit
1292 2913 1405 2953 episc.
1424 2911 1564 2951 Scalae,
1583 2911 1618 2944 S.
1637 2912 1732 2953 Aga-

93 2968 181 3000 thae
214 2968 250 3000 et
284 2967 487 3005 Comensis,
506 2967 747 2999 consiliarius
781 2968 861 2999 erat
895 2967 1061 3008 episcopi
1096 2966 1401 3007 salisburgensis.
1428 2965 1479 2997 Cf.
1510 2964 1731 2997 Concilium

98 3020 432 3053 Tridentinum....
462 3020 596 3061 (edidit
619 3020 785 3052 Societas
809 3020 1083 3061 Goerresiana)‚
1110 3019 1205 3058 VIII,
1230 3020 1292 3051 504
1315 3028 1394 3060 sqq.
1422 3019 1471 3050 De
1495 3019 1577 3050 eius
1604 3018 1730 3058 fratre,

95 3075 216 3107 tirone
240 3075 379 3113 nostro,
404 3073 502 3106 nihil
526 3073 922 3115 potuimuseinvenire.
