2028 3531
1651 275 1671 309 >kx

1675 275 1694 310 κ1

1701 276 1717 310 μὴ

524 270 606 306 565.
633 292 679 296 -
704 271 925 308 MONACHIO
954 272 970 308 1
1000 271 1256 308 SEPTEMBRIS
1286 273 1371 309 1561

892 501 1005 550 565

419 641 1001 693 CHRISTOPl-IORUS
1050 643 1475 694 LYNDAURUS

596 778 808 804 MONACHIO
838 769 853 804 1
883 779 1133 805 SEPTEMBRIS
1161 770 1249 805 1561
1278 771 1301 806 1.

125 888 163 923 1.
199 885 442 925 Octodecim
484 889 606 935 socii,
639 901 690 927 ex
735 889 894 938 quibus
937 891 1133 940 quinque
1179 891 1443 930 sacerdotes.
1476 914 1526 917 —
1555 893 1650 931 Alii
1692 905 1764 931 ex-

233 951 509 1001 spectantur.
535 975 583 979 —
611 957 653 992 2.
682 955 794 993 Piae
816 954 1113 1005 Superiorum
1141 956 1400 995 industriae
1429 958 1480 996 ut
1508 957 1677 997 subditi
1707 959 1764 996 ad

224 1017 543 1066 perfectionem
581 1020 843 1058 excitentur.
875 1042 926 1046 —-
957 1024 997 1058 3.
1029 1020 1136 1071 Spes
1165 1022 1228 1060 est
1263 1021 1440 1071 aliquos
1461 1022 1764 1062 adulescentes

232 1080 495 1121 Societatem
539 1085 843 1134 ingressuros.
902 1085 1132 1125 Hebraeus
1174 1088 1351 1125 iuvenis
1400 1087 1457 1126 ad
1499 1088 1763 1127 catholicam

231 1146 362 1195 fidem
392 1160 648 1188 conversus.
677 1172 725 1176 —
755 1154 798 1189 4.
830 1151 892 1189 De
922 1151 1174 1190 domesticis
1205 1152 1407 1191 alumnis
1438 1165 1487 1192 ac
1511 1154 1764 1204 praecepto-

231 1211 372 1251 ribus.
404 1214 744 1264 Discipulorum
765 1217 813 1254 in
838 1216 1001 1254 litteris
1023 1229 1072 1255 ac
1092 1217 1218 1255 bonis
1247 1217 1449 1256 moribus
1474 1230 1759 1268 progressus.

231 1299 282 1303 —
313 1281 355 1316 5.
404 1279 554 1318 Novae
603 1281 730 1319 aedes
772 1282 1086 1331 perficiuntur.
1131 1282 1404 1322 Bibliotheca
1451 1284 1762 1333 munificentia

225 1344 453 1393 principis
497 1346 705 1384 ornatur.
739 1368 788 1372 ——
833 1351 875 1385 6.
905 1348 1120 1386 Accessus
1164 1348 1221 1386 ad
1258 1349 1545 1388 sacramenta
1575 1362 1665 1388 non
1694 1351 1762 1388 in-

229 1408 442 1458 frequens
460 1425 472 1448 :
501 1411 610 1460 quid
639 1411 764 1450 obsit.
797 1413 1039 1451 Doctrinae
1068 1413 1344 1452 christianae
1373 1415 1606 1464 expositio.
1638 1438 1687 1440 ἡ
1721 1419 1761 1454 7.

230 1472 464 1524 Principis
492 1475 532 1513 et
561 1475 761 1515 aliorum
790 1478 1059 1528 magnatum
1080 1490 1187 1528 crya
1217 1480 1359 1517 socios
1389 1478 1704 1518 benevolentia.

205 1609 241 1648 1.
262 1609 401 1659 ÷Jhs
422 1609 576 1650 Gratia
597 1612 640 1650 et
660 1623 745 1662 pax
776 1611 942 1652 Christi
973 1613 1031 1652 sit
1060 1625 1233 1665 semper
1262 1614 1309 1653 in
1339 1614 1549 1654 cordibus
1578 1615 1758 1655 nostris.

122 1673 280 1714 Amen.
316 1674 547 1726 Temporis
592 1676 705 1716 ratio
748 1689 773 1716 a
813 1678 944 1717 nohis
987 1678 1213 1730 efflagitat,
1246 1678 1342 1719 R.de
1372 1679 1419 1719 in
1449 1679 1580 1721 Chro.
1614 1681 1758 1729 Pater,

122 1740 171 1778 ut
201 1739 487 1790 paucissimis
518 1741 670 1781 uerbis
698 1754 749 1782 ea
780 1743 1148 1795 perstringamus,
1180 1757 1294 1796 quae
1336 1745 1492 1785 diuina
1526 1746 1760 1786 clementia

119 1803 244 1843 hisce
275 1806 468 1856 quatuor
497 1805 663 1856 elapsis
693 1807 925 1847 mensibus
951 1820 1028 1859 per
1061 1820 1217 1849 seruos
1253 1821 1374 1858 suos,
1399 1809 1503 1850 licet
1532 1810 1758 1862 indignos,

120 1868 169 1908 in
198 1868 330 1908 vinea
360 1868 525 1910 Christi
569 1871 648 1923 filij
694 1872 764 1912 sui
795 1873 969 1924 operari
1012 1874 1195 1926 dignata
1238 1877 1319 1915 est.
1352 1875 1408 1915 Vt
1437 1878 1585 1916 autem
1616 1876 1760 1928 primo

119 1933 218 1974 loco
248 1946 313 1983 ea,
345 1947 459 1987 quae
492 1936 546 1976 de
580 1938 713 1977 rebus
756 1938 946 1988 priuatis
975 1941 1016 1979 et
1046 1940 1302 1980 domesticis
1345 1941 1581 1981 scribenda
1610 1954 1761 1982 occur-

120 2001 240 2048 runt,
273 2000 538 2052 significem,
570 2006 904 2044 commorantur
934 2004 980 2044 in
1010 2005 1094 2045 hoc
1114 2005 1263 2045 ducali
1284 2006 1473 2058 collegio
1504 2009 1760 2047 nostrorum

118 2065 380 2115 octodecim,
403 2078 456 2106 ex
481 2067 647 2119 quibus
676 2069 876 2121 quinque
910 2072 1015 2110 sunt
1045 2070 1310 2120 sacerdotes,
1342 2074 1431 2112 tres
1461 2072 1757 2121 coadiutores,

119 2130 282 2182 reliqui
313 2135 461 2172 autem
491 2135 570 2173 aut
601 2136 907 2186 praeceptores
941 2138 1018 2176 aut
1046 2136 1206 2176 classis
1249 2137 1490 2177 rhetorices
1533 2137 1758 2189 discipuli.

118 2195 439 2247 Exspectamus
467 2200 614 2238 autem
659 2199 859 2251 quotidie
902 2212 980 2241 sex
1022 2203 1100 2241 aut
1142 2204 1309 2254 septem
1344 2202 1458 2243 alios
1488 2202 1674 2243 Colonia
1703 2204 1758 2243 ad

119 2272 202 2301 nos
234 2264 464 2304 uenturos.
515 2263 680 2305 Omnes
709 2277 756 2305 se
789 2265 1028 2318 diligenter
1069 2269 1274 2307 exercent
1302 2267 1434 2308 dictis
1476 2268 1758 2320 superiorum

119 2337 288 2367 morem
317 2329 523 2379 gerendo,
546 2341 597 2369 ea
627 2342 740 2382 quae
761 2330 1028 2371 incumbunt
1049 2332 1237 2384 agenda,
1260 2345 1343 2373 suo
1364 2333 1461 2373 loco
1491 2336 1533 2374 et
1562 2336 1758 2385 tempore

116 2403 172 2432 ex
203 2393 360 2434 ordine
402 2395 714 2446 persoluendo,
746 2396 868 2436 cordi
912 2397 984 2437 sui
1026 2399 1191 2438 secreta
1237 2398 1518 2449 spiritalibus
1548 2399 1757 2439 Patribus

120 2459 371 2510 pandendo,
403 2463 445 2501 et
473 2473 627 2501 eorum
656 2461 873 2502 doctrinis
902 2465 944 2502 et
973 2463 1176 2515 consiliJ's
1218 2464 1557 2516 acquiescendo,
1588 2464 1758 2516 passio-

117 2535 198 2564 nes
228 2524 487 2574 fraenando,
519 2526 629 2566 vitia
674 2527 953 2579 extirpando,
985 2528 1232 2569 diabolicas
1274 2529 1544 2570 tentationes
1578 2532 1619 2570 et
1648 2530 1758 2569 assi-

116 2589 232 2629 duas
261 2590 608 2642 malignantium
639 2592 881 2643 spirituum
912 2605 1087 2645 pugnas
1129 2594 1370 2646 patientiae
1399 2595 1554 2647 clypeo
1583 2597 1625 2635 et
1654 2595 1756 2634 fidei

115 2654 246 2706 galea
288 2657 558 2707 superando,
590 2657 829 2698 exteriores
872 2658 1006 2698 etiam
1049 2671 1210 2700 sensus
1239 2672 1264 2699 a
1299 2660 1395 2700 suis
1437 2660 1757 2712 uagationibus

115 2721 162 2759 et
186 2720 560 2764 delectationibus
590 2722 864 2772 cohibend0;
896 2724 1212 2776 corpusculum
1243 2725 1434 2766 subinde
1455 2725 1645 2777 flagellis
1664 2737 1756 2766 cas-

116 2784 673 2836 tigandmrobseruantias
701 2799 880 2840 quoque
921 2791 964 2829 et
1001 2785 1180 2841 regulas
1222 2790 1457 2831 Societatis
1486 2792 1664 2831 nostrae
1693 2790 1755 2830 di-

115 2849 308 2901 ligenter
337 2852 582 2901 seruando3
615 2853 757 2893 Deum
788 2854 984 2906 denique
1017 2857 1110 2895 toto
1143 2856 1274 2896 corde
1312 2856 1556 2908 synceriter
1584 2858 1626 2896 et
1654 2867 1755 2896 con-

180 3018 190 3034 ¹
214 3016 268 3049 Ex
293 3017 482 3060 originali,
507 3019 573 3051 aut
596 3028 723 3061 apogr.
748 3028 895 3060 coaevo,
921 3020 960 3052 in
983 3020 1063 3053 cod.
1091 3020 1220 3054 Germ.
1244 3021 1330 3059 139,
1354 3021 1391 3054 ff.
1415 3022 1528 3059 88-892
1552 3021 1659 3063 prius
1681 3022 1756 3054 233-

114 3068 612 3113 234(232-233).Particu1am
626 3072 743 3105 edidit
759 3072 1074 3107 BRAUNSBERGER:
1088 3074 1133 3107 B.
1147 3074 1260 3107 Petri
1278 3074 1438 3107 Canisii
1449 3074 1588 3117 Epist„
1604 3074 1754 3115 111,692.
