2028 3531
556 275 636 311 608.
665 297 709 300 ——
737 274 880 312 PRAGA
906 275 928 310 ⁹2
957 274 1150 312 IANUARII
1178 275 1269 311 1562
1606 273 1678 309 689

92 395 311 436 medicum
342 393 531 445 reperire
554 396 725 444 posset;
750 394 854 434 huic
875 394 1245 434 iurisconsultus:
1271 393 1341 432 An
1362 395 1408 432 tu
1431 391 1620 439 nescias,
1644 391 1722 438 ait,

92 461 260 512 Pragae
290 458 523 499 Societatis
558 459 680 499 [Esv
715 460 867 499 Patres
895 461 1021 499 esse?
1051 459 1165 499 Tum
1196 459 1293 498 ille:
1317 459 1433 497 certe
1463 469 1552 496 non
1576 456 1725 496 memi-

93 537 268 566 neram:
300 536 436 576 quam
466 524 659 574 primum
691 525 855 571 licebit,
888 537 964 564 eos
995 525 1077 565 hac
1107 525 1159 564 de
1190 535 1234 564 re
1263 522 1543 563 conueniam.
1578 521 1726 561 Huius

92 590 153 630 rei
183 589 326 642 gratia
357 600 682 640 nonnunquam
712 589 767 628 ad
799 589 1014 636 infirmos,
1047 589 1304 641 praesertim
1350 587 1525 627 nobiles
1559 599 1610 626 ac
1640 586 1726 637 pri-

95 655 258 695 marios
288 654 527 694 Bohemiae
569 656 787 705 satrapas,
820 666 1046 694 uocamur.
1081 654 1220 701 Vnde,
1252 665 1352 693 cum
1384 664 1526 703 nuper
1556 664 1673 692 unus
1703 663 1726 691 e

94 721 303 761 Patribus
333 719 500 759 nostris
528 720 751 770 quendam
796 720 1007 759 baronem
1053 720 1138 771 pijs
1179 718 1552 758 instructionibus
1581 719 1623 757 et
1653 717 1728 756 ad-

93 785 418 826 monitionibus
463 784 785 832 confirmasset,
818 785 958 825 donec
1006 785 1051 824 in
1101 784 1291 824 Domino
1340 785 1597 831 moreretur,
1630 782 1727 822 eius

92 849 269 902 cognati
301 860 499 895 munera,
532 860 702 899 suaque
733 849 864 888 nobis
893 849 1108 900 obsequia
1143 847 1412 900 gratissimis
1455 846 1619 886 animis
1648 847 1728 886 ob-

92 916 306 956 tulerunt.
344 914 532 964 Insuper
577 916 676 953 octo
724 926 814 953 non
863 914 1065 965 uulgaris
1112 912 1458 953 existimationis
1506 912 1725 961 homines,

92 981 298 1021 abiurata
344 979 543 1019 haeresis
592 979 826 1029 prauitate,
859 981 1111 1019 nostrorum
1163 980 1344 1018 Patrum
1392 990 1526 1029 opera
1559 977 1728 1029 gremio

92 1059 128 1087 s.
162 1045 317 1086 matris
360 1044 581 1084 Ecclesiae
626 1044 785 1084 redditi
831 1047 950 1084 sunt.
989 1044 1178 1094 Quidam
1221 1043 1352 1083 etiam
1398 1043 1619 1091 sacerdos,
1651 1042 1728 1094 qui

93 1111 239 1152 uentri
269 1111 404 1161 longo
432 1111 631 1160 tempore
660 1109 893 1157 seruierat,
926 1121 975 1149 ac
1006 1110 1176 1149 nefario
1219 1108 1458 1148 concubitu
1503 1108 1729 1159 publicam

93 1176 304 1217 infamiae
334 1177 485 1215 notam
515 1175 648 1214 annis
673 1175 916 1214 octodecim
938 1175 1227 1219 sustinuerat,
1251 1173 1408 1213 diuina
1428 1172 1607 1213 tandem
1628 1184 1730 1224 pro-

94 1242 309 1289 uidentia,
341 1243 543 1281 nostrum
574 1241 685 1292 adth
714 1241 945 1292 templum,
979 1240 1025 1279 in
1069 1252 1157 1292 quo
1202 1240 1433 1280 humiliter
1480 1239 1727 1287 confessus,

93 1320 143 1349 ac
172 1310 235 1348 tot
268 1309 442 1360 peccata
472 1319 523 1347 ac
552 1306 765 1346 scandala
795 1306 1054 1353 detestatus,
1087 1306 1226 1346 uitam
1258 1305 1455 1345 instituit
1484 1304 1727 1352 meliorem,

93 1387 182 1426 qua
221 1373 363 1425 possit
392 1373 601 1423 deinceps
631 1371 825 1411 subditis
855 1371 950 1411 suis
979 1372 1034 1410 ad
1079 1371 1330 1411 animarum
1374 1371 1563 1410 salutem
1607 1381 1731 1421 prae-

94 1440 255 1488 lucere,
287 1450 400 1490 quos
443 1440 572 1477 antea
616 1437 881 1477 scandalosa
925 1437 1265 1476 conuersatione
1307 1436 1566 1476 offenderat.
1600 1435 1731 1475 Alius

94 1517 288 1557 quoque,
329 1503 513 1544 detectis
543 1504 587 1542 in
624 1502 906 1542 consessione
949 1502 1228 1549 criminibus,
1261 1501 1495 1552 confesarij
1541 1500 1731 1540 consilio

95 1570 297 1622 resipuit,
329 1571 461 1621 atque
491 1568 652 1608 humili
685 1567 959 1619 poenitentia
989 1568 1188 1607 maculas
1217 1569 1466 1606 contractas
1497 1566 1621 1614 eluit,
1653 1565 1732 1617 qui

95 1648 256 1676 nouem
305 1637 421 1675 retro
469 1634 615 1682 annis,
649 1635 818 1684 absque
868 1633 958 1672 ulla
1007 1633 1302 1679 confessione,
1334 1633 1419 1672 sub
1464 1644 1553 1672 una
1584 1634 1731 1672 tamen

95 1701 240 1753 specie
268 1700 692 1741 communicauerat.
726 1698 926 1739 Occurrit
957 1701 996 1738 et
1028 1699 1159 1745 alius,
1192 1698 1269 1749 qui
1313 1698 1512 1737 confiteri
1551 1697 1732 1749 quidem

95 1767 354 1820 aliquando,
388 1767 465 1806 sed
487 1766 752 1818 generaliter
772 1767 945 1805 tantum
974 1765 1155 1804 recitato
1189 1780 1208 1799 «
1239 1764 1461 1805 Confiteor
1490 1781 1509 1800 »
1543 1764 1729 1804 solebat.

96 1833 260 1874 Verum
290 1844 426 1884 quam
457 1831 667 1882 primum,
700 1830 867 1870 nostris
898 1830 979 1869 hac
1010 1830 1063 1869 de
1095 1842 1139 1869 re
1169 1829 1403 1877 consultis,
1436 1841 1528 1869 rem
1558 1840 1649 1868 non
1669 1828 1733 1868 sic

95 1898 333 1950 gerendam
363 1908 459 1937 esse
489 1896 717 1948 cognouit,
749 1896 879 1935 aliter
909 1895 1107 1935 confiteri
1140 1907 1190 1934 ac
1220 1895 1373 1934 uiuere
1407 1894 1576 1934 didicit.
1609 1893 1733 1933 Nihil

95 1964 194 2004 dico
223 1963 277 2003 de
312 1962 465 2002 multis
508 1962 626 2013 alijS,
659 1973 850 2013 quorum
894 1972 1013 2001 unus
1057 1973 1080 2000 a
1125 1961 1283 2003 tribus,
1316 1960 1433 1999 alius
1463 1972 1489 1998 a
1517 1959 1731 2010 quinque,

95 2029 213 2070 alius
244 2041 401 2069 rursus
431 2041 456 2068 a
486 2027 822 2079 quatuordecim
854 2027 1002 2073 annis,
1035 2038 1115 2066 nec
1146 2025 1491 2073 communionis,
1523 2036 1604 2065 nec
1632 2036 1734 2064 con-

96 2095 306 2135 fessionis
335 2095 664 2134 sacramentum
695 2095 962 2144 perceperat.
992 2092 1133 2131 Taceo
1163 2103 1340 2142 quoque
1370 2091 1423 2130 de
1455 2090 1625 2138 multis,
1657 2089 1732 2141 qui

96 2160 362 2201 fluctuantes
391 2171 441 2200 ac
471 2159 614 2210 dubij,
646 2159 701 2198 ad
733 2170 885 2198 ueram
916 2158 1159 2197 catholicae
1183 2157 1283 2196 fidei
1304 2156 1602 2196 constantiam
1633 2166 1734 2194 nos-

95 2228 265 2266 trorum
309 2226 491 2265 Patrum
534 2237 666 2276 opera
709 2225 816 2264 sunt
858 2223 1052 2270 adducti,
1086 2226 1131 2262 ut
1173 2222 1494 2274 promitterent,
1526 2221 1660 2261 citius
1688 2232 1736 2261 se

96 2292 350 2335 morituros,
383 2302 517 2342 quam
549 2290 595 2329 in
628 2292 853 2341 posterum
899 2289 970 2329 uel
1015 2289 1154 2328 latum
1196 2299 1389 2339 unguem
1421 2300 1446 2326 a
1477 2298 1608 2327 uerae
1637 2286 1736 2326 reli-

97 2357 245 2409 gionis
275 2356 449 2396 tramite
484 2356 787 2396 declinaturos
831 2367 939 2395 esse.
973 2354 1091 2404 Quin
1121 2356 1163 2393 et
1192 2354 1305 2393 illud
1335 2353 1507 2400 omitto,
1539 2352 1658 2403 quod
1688 2351 1736 2390 in

96 2421 396 2462 conscientiae
416 2422 596 2461 casibus
617 2433 668 2461 ac
693 2421 891 2472 inaterijs
922 2420 1022 2460 fidei
1046 2418 1362 2465 controuersis,
1386 2417 1473 2457 uiri
1504 2418 1737 2468 quantum-

97 2487 204 2527 libet
234 2499 394 2539 graues
423 2489 465 2527 et
494 2487 627 2535 docti,
660 2488 864 2526 nostrum
900 2485 1134 2537 collegium
1174 2486 1426 2535 frequenter
1456 2490 1473 2509 ὃ
1505 2482 1627 2522 adire
1648 2494 1737 2522 cer-

97 2555 276 2593 nantur.
311 2553 427 2592 Illud
471 2565 610 2592 unum
655 2552 831 2599 addam,
865 2551 985 2602 quod
1029 2563 1108 2590 nec
1151 2551 1332 2589 externa
1377 2548 1556 2599 pietatis
1594 2547 1737 2587 officia

98 2618 385 2669 negligantur
414 2619 470 2657 ab
500 2618 583 2657 hoc
627 2617 830 2669 collegio.
864 2617 974 2656 Nam
1005 2627 1203 2655 carceres
1232 2616 1273 2654 et
1304 2613 1547 2664 hospitalia
1576 2613 1640 2653 sic
1670 2612 1736 2652 ui-

97 2683 305 2731 sitantur‚
337 2685 387 2723 ut
418 2695 633 2735 pauperes
663 2694 764 2723 cum
812 2682 982 2734 ingenti
1027 2693 1208 2721 suarum
1254 2679 1505 2719 animarum
1536 2678 1738 2718 consola-

98 2748 233 2795 tione,
265 2748 523 2800 spirituales
566 2748 842 2799 praesertim,
875 2760 989 2799 quae
1034 2749 1212 2786 nostrae
1253 2744 1503 2785 uocationis
1534 2743 1737 2795 propriae

99 2815 219 2862 sunt,
237 2814 544 2865 eleemosynas
561 2826 585 2853 a
607 2813 774 2853 nostris
800 2813 1014 2853 fratribus
1040 2811 1302 2864 percipiant.
1322 2810 1588 2850 Scribuntur
1604 2808 1737 2848 etiam

99 2878 340 2930 quibusuis
383 2878 671 2930 pauperibus,
703 2878 781 2918 sed
826 2878 1042 2918 studiosis
1086 2876 1335 2928 praecipue,
1367 2873 1736 2925 supplicationes,

164 3082 183 3101 a
203 3074 417 3116 frequenter
439 3083 566 3115 supra
589 3083 691 3106 vers.

176 3150 338 3179 memn
359 3150 637 3185 QUADRJMESTRES.
660 3167 692 3170 —
713 3150 793 3178 Toni.
817 3150 883 3177 Vll.
1633 3146 1668 3172 44-
