2028 3531
325 265 395 301 354
795 266 999 302 er‘rssRAE
1032 266 1377 311 QUAansssrasss

281 383 620 434 l'obbedientia)
652 384 787 434 piglia
817 384 977 424 alcuna
1008 384 1122 423 mala
1150 382 1413 433 contagione
1442 383 1471 429 ¹,
1503 392 1674 432 sempre
1702 380 1740 420 si
1770 381 1793 420 e
1821 392 1899 420 an·

280 448 383 487 dato
425 447 532 487 dalli
576 449 714 487 nostri
757 460 839 487 con
882 449 1031 488 animo
1073 450 1116 487 et
1157 459 1286 487 senza
1330 446 1499 486 timore.
1530 445 1581 485 Et
1614 445 1690 485 un’
1723 445 1896 496 giorno,

280 512 439 552 stando
459 513 544 552 due
573 513 617 552 di
648 513 786 552 nostri
816 513 1031 553 sacerdoti
1063 513 1178 552 nella
1209 510 1460 551 infermeria
1489 510 1533 549 di
1562 521 1658 549 esse
1679 509 1897 560 pregioni‚

281 575 394 616 doue
436 588 571 616 erono
613 577 727 616 circa
759 578 834 616 100
863 577 1053 623 infermi,
1087 577 1198 627 posti
1240 578 1362 614 tanto
1404 586 1572 625 spesso,
1603 574 1684 614 che
1727 585 1816 613 non
1858 573 1897 612 si

283 642 503 691 poteuono
549 642 762 681 ascoltare
810 642 924 681 nelle
970 640 1255 687 confessioni,
1287 640 1323 678 si
1356 639 1543 690 procuro
1589 639 1669 678 che
1713 638 1758 677 in
1792 637 1898 677 duoi

281 704 391 752 letti,
424 705 500 756 pin
529 706 710 745 discosti
740 706 976 753 dall'altri,
1010 708 1174 745 fossero
1204 704 1399 744 condotti
1431 704 1532 743 tutti
1563 703 1712 754 quegli
1751 702 1831 742 che
1859 701 1898 741 si

283 769 471 809 uoleano
499 772 762 817 cont'essare,
785 771 905 822 quali
936 782 1071 810 erono
1103 770 1248 815 molti;
1272 771 1313 808 et
1333 770 1421 808 cosi
1455 768 1484 807 li
1517 767 1743 807 medesimi
1767 765 1898 806 Padri

282 833 540 885 pigliauano
569 835 600 874 li
631 835 804 874 infermi
839 838 956 875 sotto
985 836 1024 875 le
1055 837 1222 881 brazza,
1263 836 1305 872 et
1334 834 1364 873 li
1394 834 1637 873 aiutauono
1666 844 1691 871 a
1723 843 1902 882 passare

281 898 336 937 da
384 900 459 938 un'
484 899 649 950 luogho
692 901 916 947 nel'altro,
966 901 1149 940 insieme
1196 911 1278 938 con
1325 898 1427 938 altri
1473 898 1554 937 che
1600 897 1645 936 di
1694 897 1762 936 cio
1823 896 1899 935 ha-

282 975 424 1003 ueano
454 964 495 1003 la
524 976 643 1004 cura.
690 965 740 1005 Et
770 966 842 1005 vn’
877 966 1030 1011 Padre,
1082 964 1277 1004 vedendo
1324 964 1403 1003 che
1451 975 1540 1002 non
1583 964 1710 1001 staua
1752 972 1902 1011 capez-

280 1029 373 1069 zale
415 1030 487 1069 nel
529 1030 634 1070 letto
665 1033 802 1079 (come
839 1043 950 1070 sono
979 1033 1089 1070 tutte
1119 1031 1157 1069 le
1189 1028 1501 1069 incommoditz'i
1545 1028 1590 1067 in
1632 1026 1768 1067 simili
1807 1026 1902 1065 luo-

282 1093 391 1144 ghi),
440 1094 477 1133 si
525 1095 698 1146 spoglio
742 1096 782 1135 13
828 1096 1003 1146 propria
1047 1098 1164 1134 veste
1206 1105 1411 1144 soprana,
1460 1095 1501 1132 et
1549 1093 1591 1132 la
1639 1102 1778 1131 messe
1826 1101 1904 1141 per

281 1159 508 1208 capezzale
536 1159 795 1210 allipoueri
826 1160 1015 1207 infermi,
1048 1159 1195 1199 insino
1225 1159 1304 1198 che
1334 1158 1363 1197 li
1394 1157 1561 1197 ascolio
1590 1156 1705 1196 nelle
1733 1154 1903 1195 confes-

282 1222 414 1269 sioni,
445 1224 525 1263 che
554 1224 671 1263 assai
701 1225 874 1265 furono.
907 1225 1077 1276 Doppoi
1107 1226 1263 1275 questo
1295 1223 1433 1262 Padre
1462 1222 1590 1261 torno
1620 1233 1646 1260 3
1674 1232 1776 1260 casa
1817 1231 1901 1259 con

283 1287 359 1325 un'
391 1287 526 1327 buon'
559 1289 853 1339 paghamento
882 1289 927 1329 di
956 1289 1092 1340 quelli
1136 1288 1266 1327 amici
1305 1288 1510 1334 addosso,
1542 1285 1679 1337 quali,
1711 1283 1903 1324 secondo

283 1351 490 1392 l'vsanza
518 1353 628 1400 loro,
659 1354 787 1393 credo
816 1354 896 1393 che
926 1354 1031 1393 forsi
1062 1354 1093 1393 li
1122 1354 1299 1393 diedero
1328 1353 1384 1391 da
1414 1351 1617 1391 meritare
1646 1362 1723 1401 per
1751 1348 1901 1389 alcuni

283 1428 442 1467 glorni.

363 1482 425 1521 17.
458 1482 621 1531 Questa
650 1484 989 1535 quadragesima
1017 1483 1231 1523 d'alcune
1273 1482 1387 1533 parti
1417 1493 1550 1521 erano
1584 1478 1830 1520 dimandati
1869 1478 1899 1517 11

283 1546 423 1585 nostri
453 1559 477 1586 3
507 1547 731 1597 predicare
759 1549 914 1588 dentro
943 1551 985 1588 et
1014 1548 1127 1588 fuori
1158 1548 1273 1587 della
1303 1547 1430 1594 cittii,
1456 1558 1525 1585 ma
1555 1557 1645 1585 non
1674 1545 1712 1584 si
1741 1545 1799 1583 ha
1828 1555 1903 1594 po-

283 1612 378 1649 tuto
408 1611 487 1650 far'
520 1611 611 1662 piu,
636 1613 841 1652 massime
871 1625 947 1664 per
976 1613 1227 1652 l'infirmite
1259 1613 1311 1651 de
1341 1611 1487 1651 alcuni
1519 1611 1572 1650 de
1602 1609 1741 1649 nostri
1763 1612 1903 1656 (come

283 1674 327 1713 di
357 1686 487 1725 sopra
517 1676 554 1715 si
584 1677 606 1715 e
636 1677 769 1727 detto)
792 1678 920 1717 saluo
949 1678 1029 1717 che
1058 1677 1104 1716 in
1134 1678 1206 1716 vn'
1239 1675 1507 1716 monasterio
1536 1675 1580 1714 di
1611 1673 1824 1714 monache
1844 1673 1901 1711 ha

284 1740 506 1790 predicato
553 1742 626 1780 vn’
659 1743 831 1787 fratello
872 1754 955 1782 con
1004 1743 1137 1782 molta
1179 1741 1490 1787 satisfattione,
1536 1751 1611 1791 per
1647 1737 1904 1778 testimonio

284 1815 374 1843 non
394 1805 490 1844 solo
518 1806 563 1845 di
593 1818 688 1846 esse
719 1808 945 1855 monache,
969 1820 1038 1846 ma
1068 1807 1276 1847 etiamdio
1305 1807 1347 1846 d’
1365 1807 1439 1846 un'
1468 1805 1608 1845 Padre
1633 1807 1799 1850 nostro,
1822 1803 1902 1842 che

283 1880 366 1908 con
395 1881 494 1909 esso
523 1871 639 1910 ando
668 1872 824 1911 alcune
854 1873 987 1915 uolte,
1019 1873 1098 1912 che
1128 1872 1288 1923 meglio
1318 1871 1497 1910 intende
1526 1872 1567 1910 et
1596 1881 1644 1909 sa
1674 1869 1742 1908 cio
1771 1868 1850 1908 che
1879 1869 1903 1907 e

284 1934 383 1973 ben’
416 1935 654 1985 predicare.

365 1999 427 2039 18.
460 2000 496 2039 Il
526 2012 714 2040 vescouo
757 2002 800 2041 di
845 2002 989 2052 Capri,
1020 2003 1099 2041 che
1128 2003 1150 2041 e
1181 2002 1255 2041 un'
1271 2002 1382 2041 isola
1412 2012 1501 2040 non
1538 2000 1672 2039 molto
1710 1999 1902 2038 discosta

284 2063 328 2102 di
358 2064 515 2115 Napoli
545 2073 594 2112 ἃ,
628 2066 684 2105 ha
714 2066 946 2117 impetrato
976 2079 1051 2117 per
1079 2068 1117 2113 3,
1163 2079 1188 2105 o
1217 2068 1242 2105 4
1271 2066 1415 2117 giorni
1449 2065 1522 2105 dal
1570 2064 1709 2104 Padre
1751 2064 1904 2102 nostro

283 2130 558 2178 prouinciale
589 2143 673 2170 vno
703 2131 806 2171 delli
851 2132 989 2171 nostri
1034 2132 1249 2171 sacerdoti
1293 2143 1368 2182 per
1409 2130 1633 2182 predicare
1675 2129 1792 2168 nella
1821 2139 1902 2167 sua

284 2195 463 2241 diocesi,
495 2195 608 2235 doue
651 2196 688 2234 si
732 2196 773 2235 fa
804 2208 892 2235 una
922 2199 1038 2235 certa
1068 2197 1177 2235 festa
1207 2196 1311 2247 ogni
1341 2207 1459 2234 anno
1489 2195 1534 2234 in
1563 2195 1719 2245 questo
1757 2195 1904 2243 tempo

283 2260 429 2311 doppo
459 2260 770 2300 Resurretione
798 2261 868 2300 del
898 2260 1097 2311 Signore,
1130 2273 1218 2300 non
1254 2261 1458 2300 hauendo
1500 2260 1654 2310 potuto
1696 2258 1905 2297 obtenere

284 2327 440 2375 questo
470 2324 611 2375 prima
641 2337 716 2375 per
744 2327 857 2364 tutta
886 2325 929 2364 13
957 2326 1294 2376 quadragesima
1324 2337 1407 2364 con
1436 2326 1550 2364 tutto
1570 2324 1650 2363 ohe
1671 2322 1904 2362 l'hauesse

285 2389 493 2429 richiesto
523 2389 599 2440 piu
627 2392 668 2429 et
698 2389 774 2440 pin
805 2390 937 2436 uolte,
969 2392 1010 2429 et
1039 2402 1121 2429 con
1152 2390 1378 2429 instantia.

366 2455 428 2494 19.
461 2454 772 2494 Vltimamente
813 2457 877 2494 tre
919 2466 1029 2493 sono
1069 2455 1220 2494 uenuti
1252 2455 1338 2494 nel'
1369 2454 1556 2505 collegio
1598 2455 1764 2499 nostro,
1811 2463 1902 2502 per-

285 2530 392 2558 sone
421 2519 649 2566 honorate,
681 2521 722 2558 et
750 2519 847 2570 capi
877 2519 1022 2558 d'una
1051 2522 1166 2559 certa
1196 2519 1459 2570 compagnia
1487 2519 1531 2558 di
1565 2517 1749 2558 secolari
1792 2516 1860 2555 ch'
1879 2517 1903 2555 e

285 2583 338 2622 de
380 2584 540 2623 alcuna
582 2584 854 2634 importanza
897 2584 1013 2622 nella
1055 2583 1175 2628 (31113,
1220 2584 1512 2634 supplicando
1541 2583 1594 2622 de
1623 2583 1787 2621 hauere
1825 2580 1898 2619 vn'

285 2649 390 2688 delli
421 2649 561 2688 nostri
590 2649 669 2688 che
698 2649 801 2699 ogni
832 2649 1095 2688 domenicha
1124 2649 1184 2699 gli
1215 2650 1379 2688 facesse
1422 2649 1582 2688 alcuna
1610 2646 1905 2687 essortatione

347 2824 365 2843 a
386 2814 466 2847 Del.
492 2815 538 2846 et.

348 2986 358 3002 ¹
382 2983 433 3016 Cf.
459 2982 525 3015 Sti.
550 2982 716 3023 Gregorii
740 2980 961 3013 Nazianzeni
985 2981 1077 3012 orat.
1104 2980 1182 3012 XIV
1208 2980 1271 3021 [De
1295 2989 1497 3022 pauperum
1520 2979 1668 3021 amoreL
1684 2989 1719 3012 n.
1744 2978 1903 3011 XXVII:

286 3037 417 3075 men,
442 3036 511 3068 PG.
535 3036 587 3074 35,
610 3035 683 3067 894.
