2028 3531
525 272 604 308 502).
633 294 675 297 —
703 271 902 307 'ramum
928 271 974 306 *2ss
1001 271 1171 306 Apmms
1202 270 1283 304 1561
1610 272 1679 306 »205

91 390 151 429 ita
182 390 294 441 grati
327 391 491 441 populo
521 391 733 433 existunt,
769 392 811 429 vt
843 390 1066 429 maximus
1109 392 1310 440 speretur
1350 390 1533 429 fructus.
1582 390 1686 429 Nam
1709 400 1723 415 ³¹

89 455 328 494 dominicis
357 467 407 494 ac
440 456 562 495 sestis
592 455 750 495 diebus
780 457 902 494 tanta
934 455 1047 494 solet
1076 467 1172 495 esse
1204 455 1356 506 populi
1388 455 1651 506 frequentia.
1686 459 1725 494 vt

89 532 178 559 non
212 532 393 570 paruam
440 521 569 560 nobis
612 520 953 560 admirationem
998 520 1179 561 adferat.
1226 520 1391 560 Omnes
1438 532 1538 559 vero
1577 524 1726 571 gratos

89 584 174 623 sibi
205 596 301 624 esse
331 585 667 625 concionatores
710 597 798 624 non
842 585 1032 624 obscura
1075 585 1355 625 obedientiae
1399 585 1726 635 significatione

88 650 384 690 declararunt.
420 651 588 690 Etenim
621 663 721 690 cum
744 649 761 676 ὓ
782 650 853 690 die
882 651 1075 702 quodam
1106 650 1311 690 concioni
1343 650 1622 693 interessent.
1645 651 1727 689 sci·

89 717 241 766 retque
270 716 557 755 concionator
585 716 783 756 ciuitatis
829 716 1043 767 populum
1087 716 1203 755 diem
1249 716 1376 756 illum
1422 716 1727 767 potationibus

87 791 348 820 consumere
377 781 667 820 consueuisse
698 780 792 832 (qui
825 792 932 820 sane
957 781 1053 820 dies
1083 793 1172 820 non
1205 793 1304 820 raro
1334 783 1439 821 sunt
1470 781 1515 820 in
1545 780 1727 820 Germa-

86 845 194 891 nia),
228 846 273 885 in
306 846 465 886 media·
491 846 705 886 concione
749 858 825 886 eos
871 846 1038 885 hortari
1083 846 1242 897 coepit,
1278 848 1321 886 vt
1352 845 1546 897 Spiritus
1583 846 1723 886 sancti

88 911 276 962 gratiam
307 912 611 963 implorarent,
643 924 732 963 qua
761 912 902 951 adiuti
950 914 1128 963 peccata
1172 912 1280 951 haec
1324 912 1493 951 euitare
1528 914 1723 962 possent.

93 977 196 1017 llico
225 989 380 1017 omnes
402 977 540 1028 (quod
561 977 858 1017 admiratione
887 977 1075 1029 dignum
1106 977 1207 1025 tuit)
1238 977 1364 1017 humi
1396 977 1604 1028 prostrati
1626 989 1725 1016 cum

88 1042 280 1082 maxima
312 1042 450 1081 animi
481 1042 782 1082 submissione
812 1054 858 1081 se
888 1042 1000 1082 velle
1030 1043 1086 1082 ab
1116 1042 1199 1082 hoc
1230 1042 1597 1093 intemperantiae
1618 1042 1727 1081 vitio

87 1107 310 1147 abstinere
340 1107 488 1147 testati
519 1110 638 1147 sunt.
664 1108 892 1147 Petierunt
923 1108 1006 1147 hoc
1036 1107 1380 1159 quadragesimo
1409 1110 1606 1159 tempore
1627 1107 1727 1148 Car-

87 1173 254 1212 tusiani
300 1173 454 1213 Patres
486 1173 545 1212 vti
590 1173 756 1224 aliquis
800 1175 1004 1213 nostrum
1048 1173 1402 1212 exhortationem
1448 1173 1726 1224 spiritualem

86 1238 205 1289 apud
235 1250 311 1278 eos
342 1238 523 1278 haberet
557 1247 595 1286 «ς
641 1239 758 1289 quod
804 1238 869 1278 eis
912 1250 1170 1278 concessum
1217 1240 1283 1278 est
1313 1250 1338 1277 a
1371 1239 1498 1278 Patre
1543 1238 1727 1278 Hectore

88 1306 265 1354 propter
294 1315 459 1343 morem
490 1316 620 1355 quem
653 1316 679 1343 a
708 1303 875 1343 nostris
906 1303 1117 1344 Coloniae
1147 1304 1436 1343 obseruatum
1480 1315 1576 1343 esse
1615 1303 1728 1343 affir-

87 1371 280 1416 marent;
313 1369 384 1409 cui
415 1369 715 1408 exhortationi
759 1369 848 1408 duo
892 1369 1076 1408 abbates
1118 1381 1218 1408 cum
1263 1368 1498 1408 nonnullis
1527 1369 1729 1408 sacerdo-

86 1435 208 1475 tibus
251 1435 453 1475 honestis
496 1435 808 1474 interfuerunt.
844 1435 1146 1474 Pronunciata
1174 1436 1241 1474 est
1272 1437 1467 1485 preterea
1501 1434 1644 1474 oratio
1674 1435 1727 1474 de

86 1500 298 1540 laudibus
328 1501 379 1540 D.
412 1500 581 1540 Thome
620 1500 862 1552 Aquinatis
892 1512 917 1539 a
947 1500 1141 1551 quodam
1185 1511 1237 1539 ex
1283 1500 1450 1539 nostris
1494 1500 1721 1541 fratribus

85 1566 461 1617 quemadmodum
492 1566 585 1605 fieri
615 1565 851 1605 consueuit.
882 1566 927 1605 in
958 1565 1065 1605 noui
1097 1565 1280 1605 rectoris
1319 1565 1626 1605 vniuersitatis
1656 1565 1727 1604 de-

86 1632 216 1671 lectu.
250 1632 522 1683 Assumptus
552 1633 698 1671 autem
721 1633 787 1670 est
809 1631 855 1670 in
876 1633 1090 1670 rectorem
1121 1642 1365 1682 generosus
1394 1630 1605 1670 dominus
1636 1642 1726 1681 pre·

86 1696 259 1747 positus
289 1696 453 1736 summi
484 1696 637 1747 templi
670 1699 698 1741 ¹,
731 1696 862 1735 nobis
892 1695 1242 1744 addictissimus,
1267 1695 1344 1747 qui
1375 1695 1614 1735 autoritate
1644 1708 1725 1735 sua

87 1761 457 1814 vniuersi[ta]tem
488 1762 605 1801 hanc
637 1773 897 1813 promouere
926 1763 967 1801 et
998 1761 1111 1801 tueri
1143 1761 1316 1812 poterit.
1385 1810 1393 1817 ⁸

164 1828 203 1867 4.
236 1827 387 1879 Neque
417 1827 489 1867 hic
520 1827 770 1878 vberrimus
800 1828 985 1869 fructus,
1017 1838 1148 1878 quem
1171 1838 1223 1866 ex
1244 1826 1605 1866 confessionibus
1635 1838 1727 1866 cre-

86 1893 178 1932 bris
207 1893 420 1933 collectus
449 1895 530 1940 est,
563 1893 912 1944 supprimendus
943 1892 1132 1932 videtur.
1181 1892 1275 1932 Hoc
1320 1892 1580 1932 Natiuitatis
1616 1892 1727 1931 sesto

85 1959 200 1999 inter
230 1959 395 1999 multos
425 1959 501 2010 qui
532 1959 699 1998 nostris
728 1959 921 1998 confessi
952 1960 1072 2002 sunt,
1097 1961 1186 1998 tres
1217 1958 1397 1998 fuerunt
1428 1958 1649 2009 peregrini
1674 1969 1726 1997 ex

86 2025 212 2076 pagis
242 2025 414 2064 ciuitati
446 2024 678 2075 proximis,
711 2035 840 2064 senes
870 2024 1109 2064 admodum
1141 2026 1182 2063 et
1212 2026 1355 2063 aetate
1400 2023 1598 2074 profecti,
1631 2023 1724 2074 qui.

84 2097 185 2130 rum
216 2103 239 2129 a
270 2090 462 2141 quodam
493 2102 546 2129 ex
577 2090 787 2129 Patribus
831 2090 998 2129 nostris
1041 2089 1182 2129 auditi
1228 2089 1434 2138 fuissent,
1467 2091 1508 2128 et
1538 2089 1726 2128 honesto

84 2155 273 2206 prandio
304 2155 502 2203 recreati,
535 2156 590 2195 ad
621 2155 800 2206 propria
830 2157 935 2194 sunt
966 2155 1156 2202 remissi,
1188 2155 1308 2205 quod
1338 2166 1429 2194 non
1459 2154 1570 2194 satis
1599 2166 1725 2193 accu-

86 2223 180 2260 rato
211 2221 377 2260 iudicio
416 2221 665 2271 longiorem
710 2220 1112 2271 peregrinationem
1143 2220 1394 2271 suscepisse
1441 2220 1723 2259 videbantur.

87 2286 165 2337 [De
194 2287 314 2336 fabri
343 2289 527 2326 sacraria·
556 2288 804 2326 curatione.
846 2287 951 2326 Vide
978 2299 1081 2337 pay.
1128 2285 1235 2337 1661.
1285 2285 1378 2324 Hoc
1422 2285 1577 2335 ieiunij
1621 2287 1727 2324 tem-

86 2363 189 2401 pore
234 2363 396 2403 magna
439 2351 523 2391 fuit
565 2351 873 2390 confitentium
921 2351 1178 2397 multitudo,
1212 2362 1290 2390 nec
1322 2350 1489 2390 ciuium
1533 2353 1722 2391 tantum.

85 2417 161 2456 sed
191 2419 474 2456 externorum
520 2417 709 2456 maxime
739 2416 772 2459 d,
814 2417 890 2468 qui
930 2416 1111 2455 nomine
1157 2416 1392 2456 Societatis
1435 2415 1603 2459 audito,
1653 2426 1727 2465 per

86 2494 294 2533 magnum
328 2482 502 2522 itineris
531 2482 725 2533 spatium
757 2482 985 2522 Treuerim
1017 2484 1248 2528 venerunt,
1274 2483 1316 2520 vt
1340 2481 1506 2521 nostris
1535 2480 1725 2531 quedam

84 2548 383 2587 conscientiae
413 2559 575 2587 arcana
605 2548 873 2599 detegerent.
908 2548 1066 2587 Plures
1096 2560 1203 2588 sane
1234 2560 1332 2588 cum
1370 2547 1541 2598 ingenti
1572 2558 1725 2586 eorum

86 2615 231 2653 fructu
253 2613 444 2653 confessi
477 2612 682 2659 fuissent,
706 2613 794 2653 nisi
823 2615 1000 2664 propter
1029 2614 1167 2654 huius
1198 2613 1426 2653 idiomatis
1456 2611 1724 2663 imperitiam

85 2678 217 2717 ceteri
247 2677 498 2717 sacerdotes
528 2678 743 2728 prohibiti
775 2678 979 2717 fuissent.
1014 2677 1100 2718 Nec
1145 2678 1274 2729 pauci
1304 2689 1482 2729 quoque
1526 2678 1722 2721 luerunt,

84 2743 161 2794 qui
192 2743 332 2783 libros
375 2743 670 2783 hereticorum
716 2743 1005 2783 charissimos
1036 2756 1060 2782 a
1092 2743 1223 2783 nobis
1266 2743 1391 2783 exuri
1438 2742 1556 2793 passi
1602 2743 1722 2780 sunt.

147 2893 164 2911 a
193 2884 319 2917 Oblitt.
347 2895 379 2917 ι’.
406 2885 447 2916 in
475 2895 543 2917 ms.
569 2904 608 2906 —
632 2885 650 2911 b
671 2893 755 2916 cnm
779 2894 861 2916 cum
888 2894 957 2916 ms.
977 2903 1015 2906 —
1040 2894 1053 2912 c
1076 2884 1255 2916 haberent
1276 2894 1346 2916 ms.
1362 2883 1431 2910 Λ(ἰ
1454 2884 1637 2915 maximae
1653 2892 1724 2915 ms.

147 3024 157 3041 1
181 3021 402 3055 Godefridus
426 3032 447 3054 a
478 3021 709 3053 Walderdort'
741 3020 1012 3062 (Wallendorf).
1050 3021 1326 3052 REM-*ramnum
1353 3021 1375 3053 l.
1401 3030 1430 3053 c.
1455 3021 1507 3055 87,
1533 3021 1723 3053 annot.m:

85 3076 249 3109 HAxsizx.
275 3076 298 3108 l.
324 3085 354 3108 c.
379 3077 451 3108 417.
