2028 3531
329 285 398 321 512
799 286 1003 322 erTEnAE
1041 286 1384 330 QUADRIMESTRES

281 404 470 444 tulisset.
503 404 700 445 Scilicet:
733 405 839 444 haec
870 405 1045 443 illorum
1076 406 1141 442 est
1175 414 1277 453 erga
1313 402 1450 441 Deum
1481 403 1523 441 et
1551 402 1802 452 proximum
1832 402 1899 441 in-

283 469 426 519 signis
454 469 609 519 pietas,
636 481 749 520 quae
778 469 832 508 ad
863 467 1302 519 praeuaricationem,
1325 477 1374 504 ac
1405 466 1692 505 detectionem
1724 467 1779 505 ab
1809 466 1900 506 illis

283 533 339 572 ad
369 533 567 577 Chrum..
600 535 763 573 bonum
800 534 917 573 hunc
947 532 1213 572 sarci-(lolem
1258 530 1414 580 coegit.
1448 530 1593 570 Seruit
1623 530 1709 570 iam
1739 542 1901 581 paupe-

284 598 408 637 ribus
437 598 482 637 in
512 598 801 638 xenodochio.

362 663 426 702 49.
460 662 584 703 Circa
613 663 727 702 idem
759 665 932 713 tempus
965 662 1029 700 vir
1058 660 1237 711 qnidam
1270 660 1359 698 Deo
1389 659 1578 707 dicatus,
1602 658 1776 709 pietate,
1803 659 1903 698 doc-

283 727 399 766 trina
428 728 783 778 authoritateque
814 727 927 766 inter
958 738 1163 765 morauos
1194 724 1320 764 facile
1359 724 1579 775 princeps,
1612 735 1662 763 ac
1693 723 1899 774 insignis,

284 793 331 831 ut
357 792 517 838 ferunt,
540 792 757 842 seraphici
780 791 971 831 instituti
994 791 1286 835 contionator,
1310 800 1408 828 cum
1435 789 1569 828 semel
1592 790 1723 839 atque
1743 788 1900 828 iterum

284 856 370 895 huc
399 856 454 895 ad
482 856 717 907 collequm
748 858 948 895 nostrum
988 855 1164 894 diuersa
1207 853 1436 904 opuscula,
1469 855 1556 892 tam
1602 852 1739 892 latina
1768 864 1901 903 quam

283 921 548 971 germanica,
581 933 605 959 a
634 932 680 960 se
709 921 952 971 composita
996 918 1330 966 transmisisset,
1363 929 1451 956 non
1495 917 1720 968 acquieuit
1762 917 1900 968 prius,

282 997 416 1036 quam
445 986 612 1032 eadem,
643 997 756 1036 quae
786 988 1034 1024 nostrorum
1075 984 1203 1023 limae
1247 982 1480 1021 humilime
1522 981 1804 1029 submiserat,
1835 993 1902 1021 ca-

284 1049 447 1100 stigata
476 1050 697 1100 reciperet.

363 1115 428 1154 50.
461 1114 657 1154 Contulit
687 1115 836 1154 eodem
870 1117 1063 1165 tempore
1107 1115 1307 1152 maturus
1354 1111 1518 1162 pariter
1546 1123 1595 1151 ac
1624 1111 1740 1162 pius,
1771 1111 1904 1151 eccle·

285 1179 453 1219 siastici
482 1180 667 1226 ordinis,
717 1180 872 1219 doctus
919 1179 1099 1230 quidam
1140 1178 1209 1217 uir
1237 1177 1289 1216 de
1319 1176 1457 1216 animi
1487 1177 1556 1216 sui
1586 1176 1900 1223 anxietatibus,

285 1244 425 1295 deque
466 1245 761 1284 conscientiae
808 1244 1038 1283 timoratae
1067 1242 1289 1293 scrupulis
1317 1253 1417 1281 cum
1448 1241 1611 1281 nostris
1641 1253 1731 1281 non
1759 1241 1903 1292 abque

286 1309 445 1348 fructu.

364 1373 428 1413 51.
462 1373 580 1413 Haec
608 1375 727 1420 sunt,
760 1374 810 1413 R.
841 1373 1075 1412 admodum
1108 1372 1154 1411 in
1185 1371 1314 1411 Chro.
1348 1371 1413 1418 Ρ.,
1445 1370 1498 1410 de
1518 1370 1682 1422 quibus
1703 1370 1754 1410 R.
1780 1370 1827 1411 P.
1852 1369 1900 1410 T.

285 1438 512 1478 certiorem
543 1438 663 1478 hisce
693 1438 833 1478 literis
871 1437 1050 1477 reddere
1096 1437 1349 1484 statuimus,
1381 1448 1446 1483 ea,
1478 1447 1591 1487 quae
1621 1435 1806 1475 minoris
1835 1435 1903 1475 ui-

286 1503 504 1543 debantur
534 1503 759 1550 momenti,
791 1503 1028 1554 prudenter
1059 1501 1468 1553 praetermittentes.

364 1568 428 1607 502.
464 1568 710 1607 Extremam
740 1568 811 1607 his
841 1567 980 1606 literis
1010 1567 1303 1617 imposueram
1349 1577 1530 1605 manum
1558 1577 1658 1605 cum
1687 1577 1711 1605 e
1740 1565 1904 1605 nostris

285 1632 466 1683 quidam
499 1632 606 1671 mihi
637 1632 800 1678 retulit,
832 1644 959 1683 quae,
1009 1632 1096 1670 iam
1126 1630 1478 1670 commemoratis
1508 1632 1556 1670 ut
1585 1629 1901 1681 adiungantur,

286 1709 375 1737 non
410 1697 619 1737 uidentur
647 1697 845 1748 indigna.

363 1762 428 1802 53.
462 1762 583 1801 Adeo
613 1761 913 1812 infrequentes
942 1761 1028 1800 uisi
1059 1763 1164 1800 sunt
1198 1761 1412 1800 hactenus
1455 1760 1653 1811 germani
1696 1759 1903 1799 catholici

285 1827 534 1866 sacerdotes
562 1826 617 1865 ad
647 1828 970 1865 sacramentum
1019 1825 1316 1876 poenitentiae
1363 1836 1602 1873 accurrere,
1644 1826 1692 1864 ut
1722 1824 1903 1875 quidam

285 1902 375 1930 non
405 1890 609 1930 indoctus
638 1890 839 1941 alioquin
871 1890 961 1941 (qui
992 1902 1044 1928 ex
1074 1889 1397 1935 haereticismO,
1421 1889 1466 1928 in
1488 1901 1575 1939 quo
1597 1889 1739 1928 fuerat
1755 1890 1902 1936 natus,

286 1957 418 2005 atque
447 1956 502 1994 ab
534 1957 733 2005 utroque,
766 1955 837 1994 uel
867 1955 1004 1994 altero
1033 1956 1146 1993 certe
1176 1956 1355 2004 parente
1402 1954 1598 1993 eiusdem
1629 1953 1798 1992 farinae
1826 1953 1904 1993 diu

285 2020 513 2066 educatus,
562 2020 616 2059 ad
663 2019 1058 2065 christianismum,
1109 2020 1293 2058 ueritate
1340 2031 1439 2058 eum
1474 2019 1777 2069 compellente,
1809 2030 1904 2058 sese

285 2086 539 2124 constanter
566 2084 769 2133 contulit)
801 2095 1059 2134 persuasum
1090 2084 1229 2122 multo
1259 2086 1453 2133 tempore
1483 2083 1702 2131 habuerit,
1729 2083 1903 2122 nullum

286 2161 382 2188 esse
410 2149 728 2188 catholicorum
771 2148 1062 2194 sacerdotum,
1108 2148 1183 2199 qui
1228 2148 1298 2187 uel
1342 2148 1637 2194 confiteretur,
1674 2148 1745 2187 uel
1774 2148 1830 2187 ad
1859 2147 1903 2187 id

287 2214 536 2253 faciendum
579 2214 674 2263 lege
717 2215 950 2252 teneretur.
1002 2213 1207 2252 Attamen
1237 2214 1440 2252 effectum
1469 2215 1549 2260 est,
1581 2213 1664 2252 hoc
1694 2215 1901 2263 tempore,

287 2279 377 2318 Deo
407 2279 519 2326 laus,
551 2278 750 2328 exemplo
793 2279 834 2316 et
876 2277 1182 2316 exhortatione
1224 2280 1492 2326 nostrorum,
1526 2279 1573 2317 ut
1602 2277 1742 2316 maior
1771 2277 1829 2316 sit
1857 2277 1904 2316 in

287 2344 397 2394 ipsis
430 2342 747 2389 sacerdotibus,
779 2342 854 2393 qui
884 2342 1100 2381 haeresim
1132 2354 1220 2381 non
1250 2343 1445 2392 sapiunt,
1476 2354 1579 2393 erga
1599 2344 1800 2381 sanctum
1822 2342 1905 2381 hoc

287 2400 611 2447 sacramentum
641 2407 788 2446 feruor
816 2409 858 2445 et
887 2407 1146 2446 reuerentia.
1180 2407 1245 2454 Et,
1278 2409 1325 2446 ut
1355 2407 1408 2446 de
1438 2407 1540 2458 alijs
1562 2409 1742 2454 taceam,
1766 2418 1906 2457 nuper

287 2473 468 2524 quidam
498 2484 586 2511 non
617 2474 679 2511 est
711 2472 950 2511 arbitratus
979 2483 1025 2510 se
1054 2471 1207 2511 fecisse
1237 2472 1345 2510 satis
1393 2472 1597 2520 Domino,
1641 2471 1712 2511 cui
1755 2471 1905 2511 omnia

288 2538 464 2584 uiuunt,
496 2549 545 2576 ac
574 2536 791 2584 seruiunt,
822 2536 936 2586 quod
970 2536 1219 2586 frequenter
1247 2537 1528 2576 confiteretur
1556 2536 1609 2575 de
1634 2536 1901 2584 uenialibus,

287 2602 375 2642 nisi
406 2613 431 2640 a
459 2601 729 2641 confessario
772 2612 853 2639 suo
896 2600 1124 2639 humiliter
1166 2601 1443 2651 impetrasset
1485 2601 1578 2641 fieri
1617 2601 1701 2640 sibi
1731 2601 1904 2651 copiam

287 2666 550 2706 instituendi
597 2667 874 2716 peccatorum
922 2665 1058 2703 totius
1108 2665 1220 2704 vitae
1267 2666 1604 2713 confessionem,
1636 2677 1686 2704 ac
1715 2665 1904 2704 maxime

286 2743 452 2777 eorum,
484 2732 537 2770 de
566 2730 743 2781 quibus,
776 2741 881 2768 num
911 2731 1024 2768 esset
1054 2732 1183 2768 antea
1211 2731 1456 2779 confessus,
1490 2730 1645 2769 merito
1666 2717 1900 2769 dubitaret.

289 2796 383 2834 Hoc
413 2795 488 2835 ubi
518 2795 681 2833 factum
724 2796 804 2840 est,
836 2793 1067 2832 contestim
1099 2794 1232 2843 (quod
1262 2794 1379 2845 alijs,
1412 2797 1459 2834 ut
1487 2797 1553 2834 est
1581 2795 1903 2834 sacramentum

288 2859 585 2911 poenitentiae
614 2857 970 2903 saluberrimum,
1002 2858 1178 2897 euenire
1207 2871 1297 2897 non
1328 2871 1425 2898 raro
1464 2859 1590 2910 solet)
1621 2858 1739 2898 serui
1782 2858 1905 2897 illius

289 2925 368 2965 Dei
398 2925 552 2976 pietas,
585 2926 716 2974 atque
745 2923 1040 2962 asseruandae
1070 2923 1243 2963 animae
1273 2924 1479 2974 puritatis
1517 2936 1621 2964 cura
1651 2923 1906 2963 solicitudo-

289 3002 374 3042 que
403 2990 500 3030 uisa
529 2991 595 3029 est
624 2989 942 3028 incrementum
972 2988 1081 3027 satis
1110 2989 1356 3039 suscepisse
1387 3001 1611 3040 magnum.
