2028 3531
480 248 560 284 628.
589 270 630 275 —
659 249 847 286 BONON1A
878 250 918 286 10
945 249 1174 286 FEBRUARH
1202 249 1293 286 15602
1613 248 1682 284 783

103 370 339 408 runtamen
373 379 456 407 uae
496 368 641 414 uobis,
673 369 886 420 quoniam
935 371 1059 409 tanto
1105 369 1257 409 donati
1307 380 1500 418 munere,
1548 368 1736 408 necdum

103 436 251 474 tamen
280 432 452 472 fructus
481 433 615 483 agitis
645 434 805 485 dignos
843 435 1154 485 poenitentiae.
1198 435 1438 486 Multisque
1477 433 1735 473 huiusmodi

104 498 254 539 uerbis
282 500 466 538 cunctos
496 498 543 537 in
573 499 641 537 sui
673 499 1011 539 ammirationem
1044 500 1201 550 rapuit.

180 564 219 605 4.
250 564 301 603 R.
337 563 382 602 P.
429 563 649 614 generalis
681 564 724 602 in
756 564 947 604 Galliam
978 577 1078 604 cum
1126 565 1232 605 R.¹¹¹0
1266 565 1410 615 legato
1453 565 1535 603 hac
1566 563 1737 615 profici-

102 640 229 670 scens
259 630 288 676 1,
322 629 487 679 praete1
535 640 667 679 quam
713 629 830 680 quod
870 642 952 669 sua
1002 630 1249 680 praesentia
1293 642 1343 669 ac
1386 629 1575 680 priuatis
1603 629 1735 668 collo-

100 693 358 734 cutionibus
405 705 606 732 summae
655 694 784 733 nobis
827 702 843 720 ³¹
885 695 1096 734 omnibus
1138 694 1333 734 laetitiae
1376 696 1508 746 atque
1552 693 1735 734 utilitati

102 759 199 807 fuit,
231 759 367 799 semel
396 758 529 798 etiam
560 759 606 797 in
636 759 913 809 amplissimo
944 760 1080 800 huius
1111 760 1235 800 urbis
1274 760 1439 810 templo
1468 761 1534 799 est
1563 759 1735 799 concio-

101 827 257 871 natus;
293 824 413 875 quod
444 826 492 863 ut
531 824 691 864 faceret
723 825 773 864 R.
817 825 1108 865 bononiensis
1137 825 1333 876 episcopi
1372 825 1568 864 vicarius
1597 825 1653 864 ab
1683 836 1735 864 eo

100 890 307 942 precibus
336 890 606 940 impetrauit.
646 890 750 929 Post
780 890 876 929 eius
907 890 924 915 ἱ)
961 903 1066 931 uero
1096 891 1343 930 discessum
1383 891 1434 930 R.
1469 890 1516 930 P.
1552 889 1734 930 Prouin-

100 955 228 995 cialis
257 956 271 979 ²
292 955 425 995 etiam
456 966 539 994 nos
560 955 732 1001 inuisit,
765 955 948 1006 suisque
975 956 1138 1003 uerbis,
1171 956 1273 1007 igne
1293 955 1474 995 diuinae
1504 955 1736 994 charitatis

100 1020 311 1068 incensis,
344 1020 631 1060 uehementer
661 1032 742 1059 nos
771 1021 825 1059 ad
856 1021 1112 1072 exequenda
1134 1021 1255 1060 omni
1287 1021 1436 1061 studio
1458 1022 1610 1060 nostra
1640 1032 1734 1060 mu-

101 1098 206 1126 nera
236 1085 547 1125 inflammauit.
578 1085 700 1125 Duas
732 1088 954 1136 praeterea
974 1086 1210 1125 conciones
1241 1086 1334 1137 ipse
1357 1097 1534 1137 quoque
1564 1085 1736 1126 inuitus

100 1151 189 1191 fere
228 1151 363 1203 (quod
395 1151 603 1190 Venetias
647 1151 930 1201 grauissimis
959 1151 1012 1190 de
1056 1152 1204 1191 causis
1235 1151 1489 1202 festinabat)
1536 1150 1734 1190 eiusdem

101 1217 153 1258 R.
172 1217 223 1256 D.
248 1216 403 1268 vicarij
422 1216 703 1267 aliorumque
725 1216 943 1255 nobilium
963 1220 1119 1268 rogatu
1141 1217 1187 1256 in
1209 1228 1384 1256 summo
1401 1216 1566 1267 templo
1587 1228 1735 1256 coram

101 1282 463 1333 frequentissima
484 1281 637 1332 populi
664 1283 707 1321 et
728 1294 989 1332 magnorum
1020 1282 1219 1322 virorum
1242 1281 1529 1321 multitudine
1559 1281 1732 1321 habuit.

100 1347 274 1398 Quibus
303 1347 514 1387 omnibus
544 1347 678 1386 rebus
721 1346 885 1386 factum
917 1349 997 1394 est,
1031 1349 1079 1386 ut
1110 1360 1197 1386 non
1246 1359 1410 1398 paruus
1439 1346 1647 1386 cumulus
1679 1347 1735 1386 ad

99 1425 195 1453 eam
230 1413 514 1453 autoritatem
544 1412 793 1460 accesserit,
835 1425 965 1463 quam
999 1412 1195 1452 Societas
1239 1413 1285 1452 in
1315 1412 1398 1452 hac
1441 1413 1549 1452 urbe
1579 1411 1735 1451 diuina

102 1478 338 1530 benignate
367 1478 583 1518 haetenus
618 1478 856 1524 habuerat,
891 1490 1004 1529 quae
1044 1480 1159 1517 certe
1189 1480 1313 1517 tanta
1354 1489 1527 1528 semper
1556 1477 1654 1523 fuit,
1687 1479 1736 1517 ut

100 1543 177 1584 uix
208 1543 349 1583 maior
391 1543 582 1594 potuerit
617 1543 875 1582 desiderari.
924 1543 983 1582 Ea
1014 1543 1130 1582 enim
1175 1544 1240 1582 est
1270 1542 1323 1582 de
1366 1542 1496 1582 nobis
1525 1542 1735 1582 omnibus

99 1609 268 1660 opinio,
292 1610 340 1648 ut
369 1608 446 1659 qui
467 1609 546 1648 aut
565 1608 611 1647 in
633 1607 809 1656 litteris,
843 1610 920 1647 aut
942 1608 986 1647 in
1015 1608 1146 1647 rebus
1167 1607 1337 1647 diuinis
1366 1608 1489 1658 optat
1510 1607 1732 1658 proficere,

99 1674 156 1714 ad
184 1686 267 1714 nos
295 1673 335 1713 ei
365 1676 577 1725 tanquam
609 1673 663 1712 ad
696 1673 880 1713 unicum
911 1673 1033 1712 vrbis
1065 1673 1313 1723 perfugium
1344 1672 1613 1712 ueniendum
1659 1672 1731 1712 sit.

98 1740 314 1780 Nonnulli
337 1742 561 1791 praeterea
581 1751 635 1778 ex
655 1739 758 1790 alijs
780 1739 965 1778 vrbibus
986 1741 1117 1790 atque
1139 1738 1316 1789 oppidis
1333 1739 1506 1778 Patrem
1529 1740 1731 1778 nostrum

99 1806 152 1845 de
182 1806 314 1845 rebus
344 1804 628 1856 grauissimis
662 1805 916 1844 consultum
959 1804 1204 1843 Bononiam
1251 1803 1614 1854 proficiscuntur,
1656 1803 1732 1856 alij

98 1871 259 1911 litteris
297 1870 537 1910 consilium
567 1871 738 1921 petunt,
785 1869 901 1909 inter
930 1881 1042 1921 quos
1087 1870 1136 1910 R.
1168 1869 1219 1908 D.
1265 1868 1461 1919 episcopi
1493 1868 1734 1919 placentini

100 1936 294 1976 vicarius
332 1936 430 1982 fuit,
463 1935 539 1987 qui
585 1947 661 1986 per
690 1935 860 1975 litteras
909 1935 1098 1974 eundem
1130 1934 1303 1973 Patrem
1348 1933 1537 1985 rogauit,
1571 1935 1618 1974 ut
1647 1934 1734 1974 sibi

98 2013 295 2054 quonam
326 2003 452 2052 pacto
490 2001 725 2041 dioecesim
772 2013 898 2040 suam
933 2002 1114 2051 regeret,
1164 1999 1408 2050 praeceptis
1437 2010 1487 2038 ea
1530 1999 1583 2039 de
1613 2011 1658 2038 re
1687 1999 1733 2039 in

99 2066 266 2107 tabulis
286 2066 579 2114 transmissis,
603 2068 758 2106 notum
782 2066 967 2113 faceret;
994 2065 1227 2116 praecipue
1250 2076 1354 2103 uero
1381 2064 1516 2104 huius
1537 2064 1735 2104 ciuitatis

99 2132 323 2184 principes
361 2144 464 2184 erga
495 2144 577 2171 nos
616 2133 727 2171 bene
756 2131 902 2171 affecti
948 2133 1066 2170 sunt.
1102 2131 1152 2169 R.
1189 2132 1305 2169 certe
1347 2129 1556 2169 dominus
1599 2130 1735 2169 bono-

100 2198 271 2238 niensis
292 2205 306 2224 0
341 2197 536 2249 episcopi
569 2197 777 2244 vicarius,
819 2197 951 2236 cuius
982 2208 1117 2247 supra
1155 2195 1352 2242 memini,
1386 2194 1445 2234 ita
1480 2195 1531 2234 R.
1575 2195 1621 2234 P.
1654 2207 1734 2235 no-

99 2265 238 2303 strum
272 2264 500 2303 Rectorem
531 2263 756 2310 obseruat,
790 2264 836 2302 ut
869 2274 969 2301 eum
999 2263 1197 2300 autorem
1228 2262 1269 2299 et
1301 2262 1622 2310 praeceptorem
1645 2272 1736 2299 om-

99 2329 224 2369 nium
244 2328 536 2369 consiliorum
557 2340 741 2368 suorum
763 2328 928 2367 habere
952 2327 1075 2369 uelit,
1099 2328 1229 2377 atque
1251 2325 1295 2364 in
1318 2325 1570 2364 dioeceseos
1594 2325 1733 2364 admi-

99 2394 364 2434 nistratione
384 2395 440 2434 ab
462 2394 586 2433 illius
608 2393 791 2433 monitis
813 2405 866 2432 ne
890 2393 1028 2432 latum
1053 2391 1231 2443 quidem
1260 2391 1323 2441 (ut
1346 2390 1482 2441 uulgo
1502 2390 1682 2440 dicitur)
1715 2389 1734 2417 d

99 2461 312 2510 culmum,
335 2460 537 2500 discedit.
564 2460 606 2499 [s
627 2471 731 2510 ergo
754 2459 894 2498 eidem
928 2458 1047 2497 Patri
1069 2469 1123 2496 ex
1153 2455 1249 2496 Bffffl
1273 2455 1467 2506 episcopi
1489 2457 1503 2478 3
1526 2456 1734 2496 mandato

100 2527 360 2577 potestatem
393 2525 496 2565 feeit
525 2525 675 2565 omnia
712 2524 789 2564 illa
819 2535 1044 2563 sacrarum
1082 2522 1303 2573 virginum
1335 2521 1603 2560 monasteria
1633 2521 1679 2561 in
1718 2529 1734 2548 e

165 2670 184 2688 a
212 2661 321 2694 nobis
346 2671 471 2703 supra
501 2670 604 2694 vers.
629 2680 668 2684 —
692 2661 711 2687 b
732 2661 813 2693 eius
837 2669 961 2701 supra
990 2668 1091 2691 vers.
1116 2677 1155 2680 —
1179 2666 1193 2685 c
1220 2657 1412 2690 boniensis
1445 2666 1516 2690 ms.
1543 2676 1583 2679 —
1606 2657 1623 2684 d
1650 2657 1735 2691 Del.

99 2714 158 2747 ab.
176 2734 216 2737 —
237 2724 253 2742 e
278 2715 317 2747 in
340 2724 468 2757 supra
484 2724 587 2747 vers.

163 2830 173 2847 ¹
196 2828 234 2861 P.
261 2829 408 2867 Lainez,
434 2828 678 2870 Hippolytum
704 2828 909 2863 Estensem.
938 2826 1162 2858 cardinalem
1187 2825 1222 2857 et
1246 2824 1281 2857 S.
1302 2824 1493 2856 Pontificis
1516 2824 1553 2856 in
1578 2823 1735 2857 Galliam

98 2881 275 2923 legatum,
293 2882 495 2915 comitatus
520 2882 725 2914 Bononiam
750 2882 809 2914 die
835 2882 873 2913 19
896 2881 982 2912 Iulii
1009 2881 1085 2911 1561
1107 2878 1320 2920 pervenisse
1342 2878 1502 2910 videtur.
1520 2876 1571 2910 Cf.
1589 2877 1734 2910 Lainii

99 2935 287 2969 Monam..
312 2935 355 2975 V,
380 2936 453 2968 620.
481 2936 547 2968 Die
570 2936 611 2967 25
634 2935 718 2967 Iulii
746 2935 936 2967 Ferrariae
960 2934 1032 2966 iam
1057 2934 1147 2965 erat.
1174 2932 1266 2964 Ibid.
1290 2931 1352 2963 636
1374 2940 1454 2972 sqq.

161 2991 174 3009 Β
197 2989 234 3022 Ρ.
260 2989 486 3022 Benedictus
509 2989 661 3021 Palmio.

162 3044 175 3062 ³
197 3042 289 3075 Vide
312 3052 347 3085 p.
372 3043 444 3083 326,
470 3043 599 3075 annot.
626 3043 655 3074 1.
