2028 3531
516 287 597 324 531.
625 306 668 311 -
695 287 1054 324 CAESARAUGUSTA
1084 286 1126 322 19
1152 285 1251 322 MA11
1281 286 1369 321 1561
1643 286 1713 323 335

909 534 1008 584 531

557 675 1115 727 HIERONYMUS
1178 674 1334 724 Ros

589 807 938 833 CAESARAUGUSTA
969 796 1013 832 19
1039 807 1131 832 MAII
1160 796 1249 832 1561
1279 797 1304 832 ².

121 921 158 956 1.
190 918 288 956 Duo
320 918 622 957 adulescentes
652 919 701 956 in
721 918 942 956 certamen
974 917 1211 967 singulare
1242 917 1291 955 cle
1322 917 1413 955 vita
1444 917 1538 954 iam
1567 917 1661 954 iam
1692 916 1759 954 di-

228 983 444 1022 micaturi
473 995 500 1022 a
543 983 713 1022 nostris
760 983 1003 1021 conciliati.
1037 1004 1087 1008 —
1118 986 1159 1020 2.
1195 981 1381 1021 Genitor
1418 994 1471 1020 ex
1500 981 1586 1030 filii
1616 981 1759 1019 morte

228 1048 435 1097 furiosus
464 1048 673 1097 pacatur.
706 1069 757 1073 ——
788 1051 829 1086 3.
860 1047 989 1085 Aliae
1019 1047 1371 1086 conciliationes.
1409 1046 1570 1085 Caedes
1600 1046 1759 1084 coniu-

225 1125 332 1162 gum
362 1114 606 1152 imminens
635 1113 822 1161 vitatur,
853 1113 1045 1162 utroque
1074 1114 1121 1151 in
1161 1113 1428 1162 religionem
1457 1113 1677 1161 ingresso.
1708 1134 1759 1137 —

224 1181 318 1216 4-6.
348 1179 611 1217 Ministeria
654 1178 775 1228 apud
805 1179 1021 1228 aegrotos,
1058 1190 1170 1226 reos,
1200 1190 1377 1228 pueros,
1407 1177 1627 1227 populum
1654 1189 1757 1226 pro·

226 1245 394 1282 miscue
437 1244 477 1282 et
521 1244 616 1283 loca
659 1245 824 1282 vicina.
857 1266 908 1270 —
952 1247 993 1282 7.
1028 1243 1372 1293 Confessionum
1416 1243 1671 1293 frequentia
1719 1243 1758 1281 et

225 1310 416 1359 fructus.
449 1332 500 1335 —
529 1313 572 1348 8.
607 1309 968 1348 Concubinarius
997 1322 1107 1348 suae
1142 1310 1438 1348 conscientiae
1468 1309 1676 1347 consulit.
1707 1330 1758 1334 —-

226 1378 268 1413 9.
297 1375 466 1425 Populi
509 1375 559 1413 de
588 1376 760 1414 nostris
803 1376 980 1425 opinio;
1009 1376 1047 1414 et
1079 1375 1137 1413 acl
1166 1387 1238 1413 eos
1277 1375 1556 1424 frequentior
1585 1375 1633 1412 in
1664 1373 1758 1412 dies

226 1442 415 1479 accessio
428 1457 441 1489 ,·
469 1453 633 1479 norma
662 1440 912 1479 meditandi
938 1441 1150 1490 pluribus
1180 1441 1300 1479 data.
1323 1462 1373 1466 -—
1402 1443 1543 1478 10-11.
1574 1439 1759 1478 Nostro-

224 1518 329 1545 rum
376 1506 536 1554 status,
568 1506 791 1551 valetudo,
824 1507 1028 1545 virtutes.
1083 1505 1279 1545 Casuum
1324 1506 1619 1545 conscientiae
1665 1506 1758 1544 stu-

225 1571 364 1611 dium.
418 1571 648 1622 Templum
697 1573 919 1619 ornatius,
965 1572 1222 1611 bibliotheca
1273 1572 1547 1621 locupletior,
1597 1571 1757 1609 domus

225 1637 515 1686 amplificata.
548 1659 598 1663 —
627 1640 697 1676 12.
733 1637 836 1675 Tres
866 1636 1077 1676 Societati
1112 1637 1331 1676 cidiuncti.
1365 1659 1414 1663 —
1443 1640 1515 1674 13.
1544 1636 1635 1674 Per
1662 1636 1757 1674 heb-

225 1701 465 1741 domadam
495 1703 702 1741 sanctam
731 1704 780 1741 in
809 1703 964 1741 nostro
996 1703 1156 1752 templo
1197 1702 1388 1741 assidua
1418 1702 1685 1752 frequentia,
1717 1702 1756 1740 et

222 1768 427 1807 adoratio
451 1769 685 1819 pergrata.
707 1791 756 1795 —
786 1772 856 1808 14.
886 1770 1096 1819 Episcopi
1126 1771 1322 1808 oscensis
1351 1759 1458 1818 erqa
1490 1768 1753 1808 Societatem

221 1832 536 1873 benevolentia.
584 1855 635 1860 —
682 1834 826 1873 Abbas
872 1835 1037 1873 Patres
1078 1835 1283 1885 postula-t
1332 1836 1410 1884 qui
1459 1834 1639 1872 verbum
1672 1834 1755 1872 Dei

216 1899 477 1948 praedicent
506 1901 555 1938 in
584 1912 669 1938 sua
699 1900 886 1944 dicione,
920 1902 992 1938 cui
1020 1901 1074 1938 P.
1108 1901 1268 1939 Rector
1298 1900 1477 1939 annuit.
1502 1922 1551 1926 —-
1582 1903 1652 1938 15.
1681 1899 1755 1938 Vo—

224 1965 373 2002 torum
403 1965 648 2004 renovatio.

196 2087 231 2126 1.
264 2088 294 2137 ἦ
324 2087 434 2128 [HS.
466 2111 517 2115 —
548 2088 802 2128 Admodum
834 2088 927 2129 Rde
957 2089 1004 2128 in
1034 2089 1165 2129 Chro.
1200 2090 1330 2128 Pater
1365 2088 1615 2140 [Epistulae
1637 2090 1753 2128 orcle*-

113 2164 214 2191 nem
239 2152 482 2204 proponit].
508 2153 607 2192 Duo
627 2153 802 2193 nobiles
823 2154 1126 2193 adolescentes
1156 2166 1252 2193 sese
1283 2155 1329 2193 in
1359 2154 1588 2205 singulare
1618 2155 1753 2193 certa-

113 2228 213 2256 men
245 2221 559 2268 prouocarunt‚
591 2220 634 2258 et
663 2218 833 2258 socium
866 2221 1048 2270 vterque
1080 2232 1244 2259 vocans
1274 2219 1320 2258 in
1351 2231 1531 2259 arenam
1574 2219 1753 2259 descen-

113 2282 286 2322 derunt.
321 2283 408 2322 Res
438 2284 491 2322 ad
514 2286 692 2323 nostros
713 2284 863 2323 statim
886 2285 1033 2324 delata
1053 2287 1134 2334 est,
1158 2297 1208 2324 ac
1230 2285 1338 2324 illuc
1359 2285 1447 2324 duo
1468 2297 1521 2324 ex
1544 2285 1753 2324 Patribus

113 2347 234 2387 illico
265 2351 505 2399 properant
536 2349 742 2400 (coeteris
771 2349 848 2401 qui
879 2350 999 2389 domi
1032 2353 1303 2397 manserant,
1328 2351 1468 2390 Deum
1494 2362 1569 2401 pro
1599 2350 1751 2389 eadem

113 2412 211 2463 ipsa
240 2424 285 2452 re
315 2413 690 2465 deprecantibus),
723 2417 764 2454 et
794 2415 894 2455 licet
927 2416 1052 2455 locus
1074 2428 1250 2466 pugnae
1271 2416 1522 2455 destinatus
1553 2416 1640 2455 fere
1666 2416 1749 2455 tria

112 2477 256 2517 millia
285 2490 501 2529 passuum
531 2480 717 2520 distaret
747 2492 771 2519 a
801 2480 998 2529 ciuitate,
1031 2481 1086 2520 ad
1116 2493 1215 2521 eum
1239 2484 1387 2521 tamen
1410 2482 1563 2521 Patres
1593 2493 1750 2532 oppor-

112 2544 218 2582 tune
248 2546 570 2594 peruenerunt;
598 2545 693 2596 jam
723 2545 842 2584 enim
881 2546 1016 2585 simul
1059 2558 1215 2586 omnes
1258 2547 1458 2592 aderant,
1490 2549 1531 2586 et
1561 2546 1750 2585 necdum

111 2607 166 2647 ad
196 2620 486 2659 congressum
517 2612 696 2650 ventum
739 2612 905 2652 fuerat:
939 2614 1231 2662 segregarunt
1260 2624 1335 2651 eos
1367 2612 1520 2651 Patres
1549 2612 1605 2651 ab
1636 2611 1752 2651 inui-

110 2684 219 2719 cem,
251 2675 294 2713 et
322 2686 423 2714 cum
453 2674 507 2714 de
540 2687 644 2726 pace
674 2676 790 2716 inter
819 2676 941 2727 ipsos
971 2677 1253 2717 concilianda
1275 2680 1480 2728 ageretur
1506 2677 1640 2728 (quod
1663 2676 1748 2727 ipsi

110 2738 300 2778 libenter
328 2739 601 2790 audiebant),
633 2753 732 2781 ecce
761 2742 887 2781 adest
917 2742 1041 2793 regni
1072 2743 1336 2793 praefectus,
1366 2744 1547 2782 Patrum
1578 2754 1750 2782 eorum-

109 2803 208 2843 dem
229 2804 464 2856 diligentia
491 2806 545 2846 de
567 2818 612 2846 re
632 2807 793 2847 certior
814 2808 972 2856 factus,
996 2808 1073 2859 qui
1095 2809 1301 2849 homines
1321 2809 1746 2860 compraehendens,

110 2880 262 2919 pacem
292 2870 408 2910 inter
450 2871 574 2922 ipsos
615 2873 880 2923 composuit.
914 2874 1016 2919 Res,
1050 2876 1097 2914 ut
1140 2874 1375 2914 notissima
1407 2875 1491 2913 fuit
1520 2874 1746 2921 omnibus,

110 2933 171 2973 ita
202 2946 291 2974 non
322 2935 542 2976 modicam
572 2937 824 2977 animorum
854 2939 1066 2979 excitauit
1096 2939 1464 2979 aedificationem.

171 3083 181 3100 ¹
205 3081 258 3114 Ex
281 3083 426 3124 autogr.
453 3083 492 3115 in
515 3084 596 3117 cod.
622 3084 736 3126 Hisp.
760 3085 821 3121 98,
846 3085 882 3118 ff.
907 3086 980 3126 918,
1005 3087 1088 3120 0219:
1115 3087 1220 3127 prius
1244 3087 1315 3119 290.
