2028 3531
315 256 360 289 5⁴5
788 258 987 295 ΙΛΤΤΕΗΑΕ
1022 261 1366 303 QUAufflmesrnes

269 373 309 412 lo
329 382 346 399 ss
379 375 530 414 multis
559 375 643 414 iam
675 376 832 415 diebus
862 377 1041 425 utimur,
1075 377 1250 416 residuo
1280 376 1429 426 templi
1457 376 1653 415 nondum
1676 375 1693 401 ¹³
1713 377 1886 416 coroni-

266 438 363 477 ‹lem
394 439 524 489 adijci
557 439 680 479 licuit
713 443 886 491 propter
914 441 1128 491 hyemem.
1175 441 1489 491 {mpedimento
1518 440 1650 479 etiam
1676 440 1885 481 deambu-

268 502 473 542 latorium
504 503 601 546 fuit.
632 504 747 554 quod
782 505 1012 555 perfectam
1046 505 1138 557 {sict}
1171 505 1254 544 iam
1289 504 1416 543 nobis
1445 506 1508 543 est
1541 504 1655 543 usui.

345 568 381 607 7.
414 568 572 608 Sancta
604 569 852 609 natiuitatis
882 572 1006 609 nocte
1038 570 1278 609 matutinas
1308 570 1454 611 horas.
1487 571 1527 608 et
1557 569 1663 619 galli
1689 581 1880 610 sacrum.

267 633 422 671 fratres
450 635 491 672 et
523 634 672 673 Patres
701 636 1014 675 cantauerunt:
1051 637 1146 684 post
1174 634 1306 685 quod,
1349 634 1474 673 multi
1507 634 1682 673 vitalem
1715 633 1879 674 Christi

264 697 412 737 cibum
441 700 765 748 asumpserunt,
797 699 954 738 deinde
986 700 1030 738 P.
1069 700 1154 739 l{.0f
1184 699 1442 750 loquutione
1485 699 1607 738 breui
1652 699 1884 739 audientes

267 762 491 802 recreauit.
522 762 726 801 Nostrum
758 763 957 802 omnium
987 764 1197 813 gaudium
1240 763 1321 802 fuit
1360 763 1531 813 ingens,
1563 763 1680 813 quod
1716 774 1803 803 nox
1832 776 1881 803 ea

264 837 353 865 non
384 826 506 868 iocis.
529 827 605 866 sed
635 827 807 866 actibus
837 827 1060 878 frugiferis
1090 828 1322 866 laberetur.
1357 827 1562 866 Nostrum
1593 827 1882 867 circuncisio—

265 890 334 929 nis
364 892 522 930 festum
553 891 816 941 peregimus,
851 892 1124 931 franciscano
1168 893 1290 931 Patre
1322 898 1467 942 (quem
1516 894 1607 931 tota
1650 894 1737 931 fere
1777 893 1883 932 urbs

263 954 478 1005 sequitur)
499 955 801 995 concionante.
836 956 953 995 Haec
972 958 1013 994 et
1033 956 1120 995 alia
1150 957 1346 996 custodis
1372 956 1748 996 franciscanorum
1778 968 1882 1007 erga

264 1030 345 1058 nos
374 1019 570 1059 studium
603 1022 831 1059 testantur.
866 1021 925 1059 Eo
954 1021 1024 1060 die
1054 1021 1261 1060 fundator
1290 1024 1438 1060 noster
1468 1032 1551 1059 vna
1581 1033 1680 1060 cum
1710 1021 1882 1060 concio-

264 1085 415 1123 natore
444 1086 486 1123 et
515 1084 616 1135 alijs
645 1085 792 1124 decem
831 1085 1119 1125 duodecimue
1162 1088 1265 1125 sunt
1308 1099 1331 1124 a
1375 1086 1504 1124 nobis
1545 1086 1599 1124 ad
1646 1086 1878 1136 prandium

264 1148 456 1189 inuitati.
490 1149 729 1188 Fundatori
761 1150 805 1189 in
835 1150 928 1189 dies
957 1151 1112 1190 crescit
1141 1163 1285 1197 ainor;
1318 1151 1530 1200 comperit
1559 1150 1675 1190 enim
1705 1153 1747 1190 et
1775 1163 1881 1202 quo-

262 1213 478 1253 tidiannis
506 1214 636 1253 discit
664 1214 975 1265 experimentis
996 1227 1041 1254 se
1062 1227 1148 1254 non
1182 1216 1381 1254 incasum
1402 1218 1443 1254 et
1470 1215 1631 1254 frustra
1661 1215 1874 1255 laborare.

262 1277 324 1317 De
354 1277 424 1317 his
453 1280 635 1318 actenus
665 1278 759 1319 Rfl‘*
790 1279 836 1318 P.
869 1279 1111 1331 Super[e]st
1156 1280 1199 1319 P.
1230 1280 1277 1319 T.
1311 1280 1568 1330 suppliciter
1609 1291 1789 1319 exorare
1833 1283 1880 1320 ut

262 1354 344 1382 nos
373 1343 462 1382 Deo
492 1343 537 1382 in
567 1343 795 1393 sacrificiis
836 1345 1111 1384 commendet
1153 1357 1203 1384 ac
1248 1345 1464 1395 precibus
1511 1347 1555 1384 ut
1599 1345 1878 1384 sanctissime

260 1407 357 1447 eius
386 1408 605 1447 uoluntati
646 1420 891 1458 pareamus.
924 1409 1187 1460 Methynnae
1208 1417 1222 1435 ⁰
1252 1409 1403 1459 Campi
1436 1410 1485 1449 10
1520 1409 1715 1449 Ianuarii
1761 1410 1875 1449 1561.

262 1472 308 1511 P.
343 1472 397 1512 M.
428 1472 614 1511 Joannis
644 1473 770 1512 Pauli
800 1473 1054 1513 comisione.
1089 1473 1136 1513 T.
1171 1474 1216 1513 P.
1251 1474 1370 1513 filius
1400 1474 1742 1525 indignissimus

1214 1564 1242 1612 -ζ-
1271 1562 1450 1602 GASPAR
1482 1563 1654 1602 ASTETE
1683 1564 1712 1613 ἦ·
1743 1565 1770 1603 ¹.

369 1670 420 1707 ln
453 1670 632 1719 angulo.
668 1668 763 1707 1561
798 1668 970 1708 Medina
1008 1669 1077 1708 del
1108 1668 1283 1719 Campo.
1314 1670 1646 1718 Quadrimestra
1677 1670 1721 1709 ‹li
1754 1671 1804 1709 10
1832 1670 1876 1709 di

260 1732 441 1772 Genaio.
475 1732 648 1772 Diuersi
679 1733 1014 1782 Quadrimestri.

1008 1964 1122 2012 470

634 2102 686 2151 Ρ.
746 2102 1036 2152 IOANNES
1092 2102 1504 2152 FERNANDEZ

704 2226 976 2251 VALLISOLETO
1007 2216 1048 2250 10
1075 2226 1260 2251 IANUARH
1293 2216 1376 2251 1561
1406 2217 1430 2251 2.

255 2339 292 2373 1.
324 2334 441 2373 Socii
470 2336 631 2384 viginti
650 2347 738 2382 sex,
763 2347 952 2384 quorum
973 2336 1063 2372 octo
1084 2335 1343 2374 sacerdotes.
1370 2335 1585 2374 Caritatis
1607 2349 1739 2387 opera
1768 2349 1873 2387 erga

363 2412 434 2438 eos
477 2401 553 2448 qui
598 2401 643 2437 e'n
685 2412 857 2438 carcere
900 2400 1167 2445 detinentur.
1199 2412 1303 2449 erga
1345 2402 1546 2449 graviter
1575 2402 1871 2451 aegrotantes.

365 2464 499 2502 Multi
528 2464 584 2502 acl
613 2465 895 2502 sacramenta
925 2464 1147 2502 accedunt.
1181 2465 1321 2503 Homo
1360 2467 1437 2514 qui
1479 2466 1574 2514 ficto
1606 2468 1756 2505 animo
1786 2468 1874 2516 spi-

362 2529 555 2567 ritualia
601 2529 810 2567 exercitia
853 2540 1063 2578 peragere
1114 2530 1346 2579 inceperat,
1395 2532 1630 2580 resipiscit.
1685 2531 1873 2578 Quidam

362 2594 497 2631 morti
526 2593 780 2640 damnatus,
812 2606 910 2631 cum
934 2595 1067 2642 prius
1096 2596 1378 2633 sacramenta
1420 2597 1659 2645 respueret,
1696 2597 1875 2635 tandem

356 2659 535 2707 peccata
563 2670 648 2696 sua
675 2658 894 2696 sacerdoti
923 2659 1111 2707 aperuit.
1142 2659 1371 2707 Frequens
1416 2660 1472 2698 ad
1515 2661 1739 2700 contiones
1775 2673 1873 2700 corz-

319 2799 335 2817 a
357 2791 470 2823 saello
493 2800 564 2823 mrsu
591 2810 629 2813 —
653 2791 670 2817 b
691 2792 774 2832 Seq.
800 2792 845 2823 ad
870 2791 941 2823 del.
967 2792 985 2822 Ρ
1070 2800 1085 2818 c
1106 2791 1288 2823 Primum
1313 2802 1334 2824 n
1359 2793 1483 2826 addit.
1509 2803 1635 2835 supra
1664 2803 1761 2827 vers.

319 2918 328 2934 ¹
359 2917 446 2948 Vide
467 2916 561 2949 Lite.
591 2916 808 2956 Quadrima„
834 2916 893 2956 vl,
917 2917 990 2948 357.

315 2972 327 2987 2
350 2969 400 3001 Ex
423 2969 556 3010 origin.
581 2969 620 3001 in
643 2970 720 3002 cod.
746 2969 858 3010 Hisp.
882 2969 942 3005 98,
967 2968 1002 3001 ff.
1027 2969 1077 3008 30,
1102 2969 1163 3002 31:
1189 2969 1292 3009 prius
1326 2970 1397 3002 251.
1434 2970 1661 3003 Praecedunt
1692 2972 1730 3003 in
1752 2971 1789 3004 ff.
1813 2972 1868 3003 26-

254 3022 305 3060 27,
329 3022 424 3053 28-29
445 3022 518 3053 duo
540 3022 706 3063 exempla
729 3022 846 3054 latina
869 3021 956 3054 data
980 3021 1127 3053 Pintiae
1150 3021 1169 3052 5
1192 3021 1276 3053 idus
1300 3021 1377 3055 Ian.
