2028 3531
484 284 564 320 570.
593 306 636 310 —
662 284 906 320 VINDOBONA
936 284 951 318 1
982 282 1238 318 SEPTEMBms
1267 282 1354 317 1561
1625 282 1691 317 511

105 404 430 451 coadiutorum,
453 415 567 453 quos
588 403 801 442 formatos
825 413 1045 449 vocamus,
1065 400 1376 451 temporalium
1400 400 1738 450 professionem,

108 468 204 509 R.d0
236 469 355 508 Patri
388 468 482 520 [sic]
514 468 782 519 prouinciali
813 479 901 507 rem
933 477 1105 505 sacram
1135 465 1400 511 celebrante,
1432 477 1512 515 pro
1542 477 1662 504 more
1692 477 1742 504 ac

107 535 313 574 instituto
343 533 576 574 Societatis
607 534 818 581 fecerunt,
842 544 929 572 non
965 532 1134 582 absque
1169 530 1294 570 uberi
1330 530 1531 581 spiritus,
1566 530 1741 581 religio-

106 600 192 646 nis,
225 602 357 650 atque
403 598 580 649 pietatis
625 599 911 638 incremento.
959 597 1014 636 M.
1052 598 1199 635 autem
1245 595 1495 639 Cornelius,
1532 596 1620 635 iam
1664 595 1742 635 diu

107 665 288 712 Romae,
311 666 505 716 quatuor
535 665 737 703 votorum
764 662 1040 714 professione
1060 668 1093 708 ἃ,
1127 661 1172 700 111
1203 660 1465 700 Societatem
1498 661 1743 711 professam

105 731 339 781 cooptatus
369 734 397 776 1,
443 729 594 768 eodem
641 729 712 768 die
755 729 801 767 in
844 727 1009 778 templo
1053 728 1222 771 nostro,
1267 738 1367 766 cum
1407 726 1510 777 alijs
1550 728 1743 776 quatuor

105 794 485 846 praememoratis,
526 796 642 842 vota,
684 794 777 834 fieri
821 793 955 832 solita
1000 793 1055 831 31)
1100 792 1211 842 ipsis
1256 791 1484 843 professis,
1521 791 1743 842 simplicia

106 860 267 901 emisit.

184 926 250 966 46.
284 925 384 977 Egit
401 924 517 964 Rflus
532 926 602 965 Pr.
618 924 910 976 prouincialis
930 935 981 963 eo
1002 925 1198 974 tempore
1220 923 1450 962 nobiscum
1469 922 1741 974 quindecim,

106 993 183 1031 aut
212 991 422 1042 amplius,
454 991 629 1037 diebus,
662 1001 832 1041 nosque
861 1000 1016 1028 omnes
1054 988 1211 1039 officijs
1254 988 1589 1035 humilioribus,
1621 987 1744 1039 se[r]-

106 1056 270 1096 uiendo
316 1057 496 1097 mensis,
529 1067 579 1095 ac
622 1054 1011 1095 exhortationibus
1042 1056 1135 1093 tum
1180 1053 1495 1093 communibus
1533 1055 1627 1092 tum
1658 1053 1744 1104 pri-

106 1122 239 1169 uatis,
272 1123 319 1161 ut
363 1121 419 1160 ad
454 1120 874 1160 honestissimarum
908 1119 1118 1159 virtutum
1152 1119 1526 1170 perfectionisque
1556 1119 1741 1169 apicem,

105 1187 224 1238 quod
246 1188 450 1226 nostrum
477 1199 502 1225 a
523 1186 654 1225 nobis
683 1185 941 1225 institutum
963 1185 1058 1224 iure
1079 1184 1249 1235 optimo
1279 1184 1432 1235 exigit,
1464 1183 1745 1224 contendere-

105 1264 206 1292 mus
236 1252 463 1303 impellere
494 1251 622 1291 nisus
651 1253 730 1291 est.
763 1251 864 1290 Fuit
906 1252 1141 1301 pergratus
1184 1249 1281 1289 eius
1313 1249 1536 1289 aduentus
1566 1248 1744 1289 Caesari

105 1317 342 1369 imprimis,
374 1329 423 1357 ac
467 1317 570 1368 alijs
600 1316 760 1356 deinde
791 1315 1027 1367 primariae
1056 1315 1329 1355 conditionis
1359 1315 1635 1355 hominibus.

184 1383 249 1423 47.
281 1383 412 1422 Dedit
454 1382 521 1422 illi
553 1382 661 1423 Mstas
692 1381 836 1433 ipsius
865 1392 1069 1421 caesarea
1114 1383 1221 1420 tunc
1263 1380 1476 1431 temporis
1519 1380 1743 1431 negotium

105 1448 329 1500 quoddam
370 1448 633 1494 literarium,
666 1450 715 1487 ut
744 1447 1035 1493 laboriosum,
1068 1446 1145 1493 ita,
1177 1446 1553 1497 quemadmodum
1597 1457 1745 1496 spera-

107 1526 221 1562 mus,
253 1525 345 1553 non
376 1513 536 1553 inutile
566 1513 790 1560 futurum;
823 1512 910 1559 cui,
934 1514 1174 1563 antequam
1196 1512 1301 1551 hinc
1330 1511 1589 1559 discederet,
1612 1512 1744 1552 finem

107 1579 335 1630 imposuit.
367 1578 572 1630 Suscepit
601 1579 714 1618 illud
744 1578 985 1629 imperator
1013 1579 1140 1629 grato
1183 1577 1335 1616 animo
1370 1579 1470 1628 post
1498 1577 1746 1616 discessum

107 1645 153 1684 P.
189 1644 504 1692 Prouincialis,
537 1656 587 1684 30
616 1643 818 1684 uicissim
848 1643 1010 1683 librum
1057 1643 1291 1683 cuiusdam
1336 1642 1466 1693 quasi
1502 1642 1747 1682 haeresiar-

106 1710 215 1750 chae
246 1712 499 1749 nostrorum
531 1721 745 1749 censurae
775 1709 980 1749 subiecit.

183 1775 249 1814 48.
282 1774 530 1822 Caeterum,
552 1786 653 1814 cum
683 1774 830 1814 adhuc
851 1773 1085 1814 nobiscum
1107 1774 1159 1813 R.
1187 1773 1233 1814 P.
1258 1772 1559 1813 Prouincialis
1580 1774 1743 1823 ageret,

105 1840 330 1891 quendam
372 1840 643 1879 sacerdotem
689 1839 1021 1890 anabaptistam
1068 1841 1188 1890 apud
1228 1839 1367 1879 R.¹1¹1¹1¹¹
1398 1838 1604 1886 Hosium,
1641 1840 1747 1878 tunc

106 1905 402 1957 apostolicum
432 1905 658 1951 nuntium,
690 1905 880 1945 consilio
910 1905 1041 1952 iuuit,
1069 1906 1203 1955 atque
1233 1904 1401 1951 fauore,
1434 1906 1483 1944 ut
1512 1904 1567 1944 ad
1597 1904 1748 1944 catho-

106 1971 238 2011 licam
267 1971 398 2011 fidem
430 1971 607 2011 rediret.
642 1971 700 2018 Is,
732 1982 831 2010 cum
863 1970 1066 2022 deposita
1096 1970 1342 2010 sacerdotis
1371 1969 1604 2021 dignitate,
1636 1969 1748 2009 lani-

106 2035 256 2075 ficium
286 2035 406 2087 apud
436 2035 540 2075 illos
569 2035 852 2087 aliquandiu,
885 2035 1043 2074 maiori
1079 2034 1210 2074 credo
1245 2034 1395 2074 studio
1425 2033 1609 2074 uirtutis
1640 2034 1747 2084 (non

106 2102 255 2140 tamen
285 2100 531 2140 secundum
561 2099 812 2151 scientiam)
845 2111 980 2151 quam
1001 2099 1127 2151 impij
1152 2099 1219 2139 illi
1242 2099 1354 2139 ferre
1374 2101 1595 2150 poterant,
1627 2111 1748 2138 exer-

106 2166 287 2214 cuisset,
319 2166 507 2218 resipuit
537 2166 717 2206 tandem
747 2165 903 2205 diuina
935 2165 1078 2217 gratia
1108 2165 1209 2213 ille;
1258 2167 1392 2216 atque
1430 2165 1571 2212 fucos,
1604 2164 1747 2215 impo-

105 2233 269 2279 sturas,
301 2231 665 2283 impietatemque
699 2231 1086 2282 anabaptistarum
1131 2232 1280 2282 aperte
1326 2230 1436 2270 satis
1480 2241 1744 2281 agnoscens,

106 2298 249 2348 capta,
281 2299 359 2337 aut
390 2297 538 2348 potius
567 2297 718 2336 oblata
759 2309 785 2336 a
828 2297 919 2336 Deo
962 2296 1210 2346 occasione,
1242 2308 1356 2347 quas
1398 2296 1569 2335 diutius
1612 2307 1747 2346 quam

105 2362 335 2402 debuisset
364 2364 572 2410 traxerat,
604 2374 752 2402 moras
781 2362 983 2409 disoluit,
1015 2364 1148 2413 atque
1178 2362 1234 2401 ad
1263 2374 1347 2402 nos
1384 2361 1601 2412 confugit.
1636 2360 1746 2400 Con-

107 2428 252 2468 fessus
281 2430 362 2476 est,
395 2430 445 2468 ut
474 2428 623 2468 uirum
662 2427 960 2468 christianum
992 2427 1130 2475 decet,
1162 2427 1216 2467 110
1259 2427 1452 2479 peccatis
1482 2427 1529 2466 in
1558 2426 1746 2477 collegio

107 2495 260 2533 nostro
290 2505 341 2533 ac
384 2494 589 2533 abiurata
632 2493 822 2541 haeresi,
855 2493 1107 2533 humillime
1150 2495 1330 2544 sumpta
1359 2505 1384 2532 a
1414 2493 1522 2532 R.11¹0
1553 2503 1746 2543 praeme-

107 2561 279 2598 morato
310 2559 450 2598 Hosio
480 2559 691 2610 imposita
720 2559 1010 2610 poenitentia,
1035 2558 1080 2597 in
1112 2558 1302 2610 gratiam
1323 2558 1454 2609 rediJ't
1479 2556 1744 2605 Seruatoris,

107 2624 252 2676 rigore
281 2636 505 2664 canonum
535 2624 776 2676 prudenter
795 2626 1053 2675 temperato.
1079 2623 1338 2675 Aegerrimo
1368 2623 1518 2663 animo
1548 2622 1748 2662 tulerunt

107 2688 174 2744 illi
205 2689 325 2740 quod
355 2689 464 2728 italo
493 2689 671 2728 cuidam
701 2688 922 2728 catholico
961 2688 1017 2728 ad
1061 2690 1247 2728 mortem
1291 2687 1574 2728 decumbenti
1618 2698 1746 2737 opem

169 2874 188 2893 a
208 2866 476 2908 professionem
500 2875 572 2898 ms.

171 3033 181 3050 ¹
204 3031 242 3064 P.
268 3031 463 3064 Cornelius
486 3030 737 3072 Broghelman
761 3031 975 3063 sollemnem
998 3031 1162 3072 quatuor
1176 3031 1348 3063 votorum
1372 3029 1641 3071 professionem
1660 3028 1748 3061 emi-

109 3086 208 3117 serat
230 3085 368 3118 Romae
391 3085 452 3118 die
476 3086 515 3117 10
539 3084 732 3117 Februarii
758 3084 850 3117 1556.
