2028 3531
356 269 425 304 258
825 270 1029 307 ΙΛΤΤΕΗΑΕ
1063 270 1409 315 QuAanESTREs

308 398 460 426 earum
489 387 767 438 experiamur
798 388 1025 436 beneficia;
1058 390 1099 428 et
1127 389 1279 428 crebro
1307 387 1485 438 quidem
1515 387 1570 426 ad
1612 398 1695 426 nos
1728 386 1924 435 mittunt,

308 451 385 502 qui
414 451 643 502 explorent
671 464 777 492 num
808 464 851 492 re
880 453 1031 504 aliqua
1060 453 1189 492 nobis
1218 463 1331 502 opus
1359 451 1431 491 sit.
1478 451 1650 491 Accidit
1692 462 1846 502 nuper,
1878 453 1928 491 ut

308 528 407 555 cum
452 516 631 556 domina
661 517 860 568 Fuggera
901 520 1151 569 augustana
1194 519 1222 566 ¹,
1267 515 1547 555 sanctissima
1591 518 1633 555 et
1679 515 1926 555 clarissima

310 583 524 627 matrona,
547 583 679 631 atque
698 582 863 632 optime
883 583 935 622 de
966 582 1095 621 nobis
1125 581 1294 627 merita,
1316 592 1429 631 quae
1457 580 1693 631 collegium
1725 582 1926 619 nostrum

310 645 463 684 uisura
491 649 748 693 accesserat,
779 647 983 686 adessent
1003 647 1115 686 aliae
1137 647 1332 685 illustres
1354 647 1580 685 matronae
1598 657 1651 684 ex
1677 645 1926 696 principum

309 710 631 761 praedictarum
660 711 791 759 aulis,
823 724 936 763 quae
966 712 1176 751 rimantes
1205 710 1440 761 diligenter
1468 710 1661 761 singula,
1705 721 1818 761 quae
1855 709 1926 749 de-

307 777 453 814 essent
482 774 617 823 domi,
649 776 778 815 nobis
809 776 962 827 inscijs
993 776 1167 827 utrique
1198 774 1385 825 principi
1416 775 1566 814 omnia
1600 776 1923 825 exposuerunt;

307 841 352 878 at
381 839 484 879 illae
512 851 603 879 non
633 840 694 880 ita
723 841 862 881 multo
892 843 992 892 post
1020 840 1261 880 liberaliter
1296 841 1472 879 nostrae
1515 840 1631 879 ultro
1673 850 1927 879 succurrere

308 904 497 955 inopiae.
530 905 666 945 Mater
695 905 830 945 uidua
861 908 950 945 tota
980 908 1045 945 est
1075 906 1120 945 in
1153 904 1428 956 praestandis
1458 903 1785 944 misericordiae
1827 915 1927 954 ope-

308 968 446 1016 ribus,
478 981 611 1020 quam
641 981 781 1020 usque
809 970 918 1010 adeo
948 972 1172 1010 reueretur
1191 971 1231 1009 et
1252 969 1460 1008 obseruat
1488 968 1609 1008 filius
1637 968 1776 1008 illust.
1809 968 1926 1019 prin-

306 1045 408 1084 ceps
437 1036 600 1082 noster,
633 1036 680 1074 ut
708 1047 809 1075 eum
839 1047 1065 1086 nunquam
1098 1034 1184 1073 nisi
1214 1035 1365 1084 aperto
1394 1033 1536 1084 capite
1579 1033 1700 1072 illam
1737 1032 1925 1073 uiderim

306 1098 490 1150 alloqui,
521 1101 563 1138 et
592 1099 727 1139 huius
756 1099 969 1142 instinctu
1001 1100 1139 1138 multa
1168 1099 1214 1137 in
1243 1109 1521 1138 communem
1553 1097 1773 1137 Ecclesiae
1807 1097 1927 1137 utili-

307 1165 439 1203 tatem
469 1176 494 1203 a
524 1164 616 1204 filio
645 1165 772 1209 fiunt,
804 1167 1033 1215 propterea
1061 1164 1179 1215 quod
1208 1165 1249 1203 et
1278 1162 1580 1203 sincerissima
1609 1164 1648 1202 et
1676 1162 1925 1213 prudentis-

306 1229 420 1268 sima
448 1229 507 1269 sit
535 1230 704 1281 uirago.

384 1294 422 1333 8.
456 1294 872 1334 Reuerendissimus
902 1294 1182 1344 frisingensis
1210 1295 1240 1336 2.
1272 1293 1348 1344 qui
1378 1293 1514 1333 huius
1543 1295 1609 1332 est
1637 1292 1722 1332 loci
1751 1292 1927 1332 ordina-

307 1359 414 1407 rius,
446 1359 718 1411 singularem
765 1372 906 1411 nuper
951 1360 1021 1399 sui
1068 1371 1171 1410 erga
1213 1371 1295 1398 nos
1336 1358 1515 1406 amoris,
1552 1360 1723 1409 praeter
1750 1369 1925 1397 omnem

306 1423 437 1463 etiam
467 1424 812 1475 expectationem
843 1426 1054 1473 nostram,
1086 1424 1206 1463 dedit
1234 1423 1619 1474 significationem.
1668 1421 1777 1463 Cum
1806 1422 1925 1462 enim

307 1488 555 1539 Frisingam
585 1489 636 1528 D.
668 1489 878 1529 Nicolaus
911 1489 1120 1536 Lanoius,
1153 1487 1325 1539 collegij
1360 1487 1725 1539 ingolstadiensis
1768 1489 1922 1534 rector,

306 1554 537 1604 profectus*
556 1556 685 1601 esset,
716 1556 765 1593 ut
794 1556 970 1594 nostros
998 1554 1325 1593 commendaret
1353 1553 1409 1592 ad
1429 1564 1579 1592 sacros
1599 1553 1777 1592 ordines
1797 1552 1926 1591 statis

305 1618 578 1669 temporibus
608 1619 948 1669 promouendos,
982 1618 1379 1658 reuerendissimus
1426 1617 1601 1669 aliquos
1648 1629 1701 1657 ex
1743 1616 1922 1665 nostris,

305 1694 548 1734 numquam
579 1684 689 1723 forte
726 1683 773 1722 in
819 1695 870 1723 eo
917 1684 1013 1723 loco
1059 1685 1187 1722 antea
1235 1683 1372 1730 uisos,
1421 1683 1574 1722 adesse
1603 1681 1872 1733 intelligens,
1903 1693 1926 1721 e

305 1748 494 1799 uestigio
524 1749 804 1788 nobilissima
833 1761 1032 1800 quaeque
1062 1749 1183 1795 uina,
1215 1751 1257 1788 et
1286 1748 1411 1788 uaria
1440 1748 1640 1788 ciborum
1680 1759 1840 1798 genera
1869 1747 1924 1787 ad

305 1813 564 1864 hospitium,
596 1814 673 1853 ubi
716 1814 856 1853 nostri
899 1815 1104 1865 agebant,
1150 1813 1309 1853 deferri
1353 1813 1490 1859 iubet,
1536 1815 1578 1853 et
1620 1824 1702 1852 suo
1745 1812 1925 1852 nomine

304 1878 469 1918 nostris
498 1878 576 1917 illa
614 1879 784 1918 offerri:
835 1891 913 1918 nec
960 1879 1031 1917 his
1078 1881 1329 1927 contentus,
1361 1879 1415 1918 ad
1446 1889 1627 1918 coenam
1658 1877 1791 1917 etiam
1822 1877 1925 1916 illos

304 1943 469 1991 uocari,
492 1946 534 1983 et
555 1956 731 1983 mensae
761 1955 867 1983 suae
897 1944 1018 1983 iubet
1038 1944 1252 1983 assidere:
1282 1943 1392 1994 quin
1413 1943 1545 1982 etiam
1567 1944 1665 1994 post
1686 1942 1923 1981 familiaria

303 2009 525 2060 colloquia
555 2009 732 2060 proprio
761 2021 893 2049 curru
922 2021 1004 2048 suo
1033 2009 1314 2048 Monachium
1345 2020 1420 2048 eos
1442 2008 1654 2059 postridie
1675 2007 1779 2047 uehi
1802 2019 1924 2046 man—

303 2073 392 2120 dat,
424 2075 466 2112 et
495 2073 684 2125 benigne
714 2076 964 2113 nostrorum
995 2073 1197 2125 petitioni
1219 2074 1392 2121 annuit,
1415 2074 1612 2124 adeoque
1633 2073 1761 2124 plura
1789 2084 1922 2124 quam

302 2138 593 2189 postularent,
625 2139 799 2179 obtulit.
831 2139 1206 2178 Reuerendissimi
1250 2139 1456 2178 similiter
1496 2138 1593 2178 eius
1635 2137 1920 2188 suffraganei,

303 2215 382 2243 nec
411 2215 501 2243 non
530 2204 727 2244 eiusdem
758 2204 907 2255 vicarij
941 2205 1339 2255 propensissimum
1359 2204 1404 2243 in
1426 2216 1509 2244 nos
1529 2203 1726 2243 animum
1755 2202 1922 2253 experti

302 2280 471 2308 sumus
504 2269 802 2308 Plurimorum
832 2269 1021 2308 aliorum
1051 2271 1094 2308 et
1122 2269 1471 2309 clarissimorum
1515 2269 1713 2308 uirorum
1748 2267 1923 2307 animos

302 2333 518 2372 habemus
547 2333 677 2373 nobis
706 2333 1080 2381 deuinctissimos,
1104 2333 1257 2384 populi
1279 2334 1412 2374 etiam
1443 2335 1594 2373 tantus
1623 2345 1726 2384 erga
1756 2344 1837 2372 nos
1857 2334 1924 2371 est

302 2409 439 2444 amor,
471 2400 513 2437 et
541 2398 594 2437 de
623 2398 754 2438 nobis
783 2398 1065 2445 existimatio,
1098 2400 1145 2437 ut
1179 2410 1400 2449 nusquam
1443 2398 1657 2438 libentius
1699 2409 1829 2448 quam
1875 2397 1922 2436 in

302 2463 466 2513 templo
495 2465 646 2502 nostro
680 2475 854 2503 sacrum
893 2465 1105 2514 peragant
1150 2464 1334 2511 cultum,
1384 2465 1427 2503 et
1473 2475 1579 2503 suae
1626 2461 1922 2502 conscientiae

301 2528 555 2566 consultum
593 2527 746 2569 uelint.
796 2528 1128 2567 Persecutiones
1175 2528 1350 2567 interim
1398 2540 1488 2568 non
1534 2528 1708 2567 desunt.
1754 2527 1923 2566 Rumor

301 2591 420 2631 enim
449 2592 691 2643 aliquando
720 2592 926 2643 publicus
955 2592 1036 2632 fuit
1063 2594 1161 2643 post
1180 2593 1377 2633 triduum
1399 2592 1657 2633 IESVITAS
1679 2592 1778 2640 (hoc
1802 2591 1921 2631 enim

301 2655 480 2695 nomine
510 2667 591 2695 nos
619 2656 863 2707 appellant)
894 2656 1127 2695 Monachio
1156 2657 1419 2707 exigendos:
1452 2657 1632 2696 fuerunt
1654 2658 1695 2695 et
1715 2668 1767 2694 ex
1788 2655 1921 2695 eccle-

301 2719 494 2759 siasticis
523 2720 598 2771 qui
630 2732 708 2771 pro
736 2720 948 2760 concione
990 2720 1155 2760 nostris
1202 2722 1505 2772 obstreperent
1548 2721 1687 2761 sacris
1731 2719 1915 2771 studijs3

301 2784 398 2824 ausi
428 2788 533 2824 sunt
562 2787 604 2824 et
632 2797 802 2825 sacram
831 2785 1046 2836 denegare
1075 2785 1294 2836 synaxim,
1326 2786 1403 2837 qui
1433 2785 1600 2825 nostris
1643 2786 1791 2824 essent
1820 2796 1920 2824 con-

364 2945 374 2961 ¹
397 2943 563 2984 Fuggera
600 2944 690 2976 haec
726 2944 874 2976 videtur
908 2943 1025 2976 fuisse
1061 2943 1196 2976 Ursula
1230 2945 1274 2976 de
1298 2945 1564 2984 Lichtenstein,
1590 2944 1737 2985 Georgii
1761 2943 1919 2984 Fuggeri

300 3006 403 3029 uxor.
429 2996 480 3029 Cf.
507 2996 816 3029 BRAUNSBERGER:
845 2996 885 3029 B.
909 2996 1020 3029 Petri
1047 2997 1203 3029 Canisii
1226 2997 1350 3038 Epist.
1375 2998 1437 3038 ΙΙΙ,
1461 2999 1533 3030 691.

361 3051 374 3069 2
395 3049 597 3081 Mauricius
620 3059 642 3081 a
664 3049 860 3082 Sandizell.
