2028 3531
486 293 567 329 602.
596 314 637 318 —
665 292 860 329 MEssANA
892 293 905 328 l
935 292 1128 328 IANUARII
1159 290 1250 326 1562
1576 288 1642 324 661

823 490 936 538 602

451 629 937 680 STEPHANUS
1013 626 1315 678 TUTIUS

575 778 762 804 MESSANA
790 768 807 803 1
837 767 1031 804 IANUARII
1059 765 1161 802 1562.
1188 766 1212 802 ¹.

61 895 100 930 1.
131 890 399 930 Studiorum
441 889 719 928 instauratio
763 888 1008 927 bellissimo
1039 887 1218 937 dialogo
1249 886 1481 925 celebrata.
1514 907 1564 912 —
1604 889 1700 924 2-3.

167 956 257 994 Per
286 954 507 993 natalicia
531 955 718 992 Domini
749 965 950 992 accessus
972 953 1030 992 ad
1059 951 1347 991 sacramenta
1377 952 1599 1002 copiosior
1619 963 1701 990 nu-

170 1032 289 1060 mero
306 1034 319 1067 ;
360 1020 514 1069 fructu
555 1019 750 1058 uberior.
781 1039 831 1045 —-
859 1022 903 1057 4.
941 1019 1077 1069 Virgo
1106 1017 1307 1068 prudens
1352 1029 1487 1066 aeque
1518 1029 1567 1055 ac
1590 1018 1672 1066 pia
1690 1031 1702 1056 .·

169 1099 253 1136 quo
285 1086 477 1135 artificio
522 1085 870 1123 matrimonium
910 1084 1178 1134 repudiarit.
1210 1105 1260 1109 —
1291 1086 1333 1121 5.
1363 1083 1488 1121 Mira
1523 1082 1580 1120 ad
1609 1094 1701 1120 ver-

169 1151 272 1190 bum
313 1151 497 1189 Domini
540 1149 817 1188 audiendum
864 1149 1161 1188 concursatio.
1204 1170 1254 1174 -—
1298 1151 1340 1186 6.
1374 1148 1516 1186 Pater
1563 1147 1700 1186 Otetlo

170 1217 421 1255 contionem
468 1217 517 1254 in
567 1215 782 1265 templum
831 1216 1085 1253 maximum
1135 1214 1386 1263 transferre
1429 1214 1618 1263 cogitur.
1651 1234 1702 1239 -

171 1285 265 1320 7-8.
297 1280 556 1321 Sacerdotes
600 1281 856 1329 iudicesque
886 1293 938 1318 ex
981 1279 1087 1318 urbe
1117 1280 1157 1317 et
1201 1279 1293 1317 tota
1323 1280 1492 1318 circum
1534 1279 1703 1317 vicinia

170 1348 349 1387 nostros
379 1347 560 1386 consilii
588 1347 743 1396 gratia
772 1347 1057 1385 conveniunt.
1084 1367 1132 1371 —
1154 1348 1196 1383 9.
1226 1345 1265 1383 Ε
1291 1346 1533 1394 primariis
1562 1356 1700 1390 unus,

168 1413 396 1464 praeclari
440 1414 512 1451 vir
554 1412 758 1462 exempli,
790 1412 978 1450 Patrem
1014 1411 1152 1450 Otello
1196 1411 1480 1449 veneratione
1521 1421 1704 1448 summa

165 1479 473 1529 prosequitur.
505 1500 556 1504 —
584 1481 655 1516 10.
684 1478 934 1517 Excursus.
964 1499 1015 1503 -—
1044 1480 1185 1515 11-12.
1220 1476 1344 1515 Cives
1368 1477 1625 1526 promiscue
1655 1475 1706 1514 de

173 1556 325 1583 amore
367 1555 475 1594 erya
517 1543 698 1582 nostros
740 1544 887 1592 signis
930 1543 1117 1580 minime
1160 1541 1308 1580 dubiis
1338 1541 1523 1580 certant.
1554 1562 1604 1567 ——
1633 1544 1704 1578 13.

172 1609 388 1659 Proreyis
416 1611 465 1648 in
494 1609 548 1648 P.
569 1607 905 1647 Provincialem
936 1608 1132 1656 affectus.
1156 1628 1207 1632 —
1226 1609 1296 1644 14.
1323 1606 1422 1645 Duo
1452 1618 1505 1644 ex
1533 1606 1707 1645 nostris

172 1675 401 1713 instanter
429 1674 579 1724 rogati
607 1674 837 1712 intersunt
868 1672 1216 1722 magistratibus
1238 1671 1445 1710 civilibus
1474 1671 1705 1721 eliyendis.

172 1762 222 1767 —
251 1744 321 1779 15.
352 1740 484 1778 Zetus
513 1739 752 1778 cuiusdam
792 1739 1046 1788 religiosae.
1080 1760 1131 1764 —
1159 1741 1234 1776 16.
1269 1736 1511 1776 Candidati
1540 1737 1598 1775 ad
1628 1736 1705 1776 So-

174 1806 389 1846 cietatem.

151 1930 186 1970 1.
219 1930 248 1980 ÷
279 1930 418 1969 Iesus.
455 1929 609 1969 Maria.
656 1929 748 1968 Pax
792 1927 974 1975 Christi,
1019 1928 1100 1967 etc.
1148 1926 1375 1978 [Breviter
1416 1927 1588 1966 scribet.
1619 1928 1709 1966 Res

69 1997 335 2036 domesticae
366 1996 468 2036 bene
491 1996 756 2046 procedunt.
788 1996 1019 2045 Religiosa
1050 1994 1294 2044 disciplina
1325 1992 1479 2044 viyets.

177 2061 228 2100 In
258 2061 299 2100 la
331 2061 615 2100 rinouatione
641 2059 747 2100 delli
778 2059 915 2111 studij
947 2059 1020 2098 s'e
1051 2058 1233 2098 recitato
1255 2070 1316 2098 un
1338 2058 1586 2097 bellissimo
1615 2057 1709 2097 dia-

70 2127 188 2179 logo,
220 2128 449 2178 composto
479 2126 523 2166 di
554 2126 673 2166 uersi
700 2125 901 2177 jamhiei,
934 2125 1007 2164 nel
1050 2124 1182 2176 quale
1227 2124 1391 2174 (com’e
1421 2135 1633 2174 appresso
1663 2123 1708 2162 di

71 2192 329 2240 Zenofonte)
360 2193 374 2215 ‘-'
404 2192 442 2231 si
473 2191 760 2242 rappresento
791 2190 994 2237 Heroole,
1019 2190 1098 2230 6116
1128 2191 1255 2240 posto
1277 2189 1324 2228 in
1346 2201 1436 2228 una
1465 2188 1709 2228 solitudine

71 2270 93 2298 e
122 2258 251 2310 quasi
295 2257 484 2297 risoluto
527 2257 572 2296 di
616 2257 839 2308 seguitare
869 2256 911 2296 la
944 2256 1129 2302 volutta,
1162 2255 1294 2294 tirato
1337 2254 1455 2294 dalle
1489 2266 1569 2294 sue
1598 2254 1710 2294 false

72 2322 369 2375 persuasioni,
401 2324 443 2362 et
472 2322 782 2369 allettamenti‚
805 2321 1199 2373 sopragiungendo
1230 2321 1272 2360 la
1303 2321 1429 2360 vertu
1450 2319 1584 2371 glielo
1608 2320 1710 2359 leua

72 2388 117 2428 di
146 2400 280 2428 mano
309 2388 567 2428 finalmente
596 2388 743 2439 doppo
773 2388 910 2439 longa
939 2387 1249 2434 contentione3
1282 2388 1324 2425 61
1352 2385 1440 2436 egli
1475 2385 1512 2424 si
1544 2385 1711 2425 risolue

73 2466 99 2493 a
127 2454 288 2494 lasoiar
330 2454 374 2493 la
415 2453 491 2493 uia
534 2453 640 2493 delli
686 2453 848 2504 piaoeri
892 2452 1016 2500 uani,
1049 2454 1090 2492 et
1133 2451 1253 2491 darsi
1284 2452 1331 2490 in
1361 2452 1476 2491 tutto
1506 2450 1583 2490 alli
1614 2449 1710 2490 ueri

73 2519 237 2570 piaceri
266 2518 385 2558 della
414 2519 555 2559 vertu.
589 2517 638 2558 Ci
668 2518 706 2558 si
737 2518 908 2557 ritrouo
939 2517 971 2557 il
1001 2517 1144 2557 vicere
1175 2518 1203 2564 ³,
1228 2529 1249 2556 e
1279 2516 1311 2556 li
1332 2515 1571 2567 principali
1593 2515 1712 2555 della

73 2583 202 2631 eitta·,
234 2596 257 2623 e
286 2584 328 2623 d’
344 2584 455 2623 altre
485 2595 671 2635 persone
700 2583 739 2623 ci
770 2583 817 2623 fu
847 2583 1149 2635 grandissimo
1192 2594 1429 2629 eoncorso3
1462 2583 1504 2621 61
1533 2581 1565 2620 11
1595 2582 1711 2620 tutto

74 2649 190 2689 ando
220 2650 346 2689 bene.
378 2649 551 2689 Deletto
581 2649 612 2689 il
643 2649 821 2700 dialogo
851 2661 877 2688 a
906 2650 1018 2688 tutte
1039 2648 1148 2688 sorti
1178 2647 1223 2687 di
1254 2658 1464 2699 persone;
1499 2646 1657 2698 perche
1686 2657 1712 2685 a

75 2715 212 2766 quelli
242 2715 322 2755 che
351 2726 443 2754 non
484 2715 691 2755 haueano
734 2715 902 2764 lettere,
934 2717 977 2755 et
1019 2726 1131 2754 anco
1161 2726 1186 2754 a
1215 2713 1353 2765 quelli
1397 2713 1477 2753 che
1520 2714 1711 2752 stauano

138 2877 146 2895 ¹
171 2875 224 2908 Ex
248 2876 382 2917 origin.
407 2875 447 2908 in
470 2875 549 2908 cod.
574 2875 653 2908 Sic.
678 2875 751 2908 181
773 2893 786 2899 -
808 2875 888 2908 Sic.
913 2875 997 2909 182.
1023 2875 1059 2908 ff.
1084 2875 1240 2913 ess-23&
1259 2874 1364 2915 prius
1380 2874 1445 2906 2-3.
1464 2872 1577 2905 Aliud
1593 2881 1713 2905 exem-

75 2928 177 2970 plum
200 2930 259 2961 est
281 2929 380 2961 inter
401 2928 490 2961 Litt.
515 2928 704 2969 Quadrim.
729 2929 820 2961 anni
845 2929 936 2962 1552.
962 2929 1026 2961 Est
1049 2929 1162 2961 etiam
1186 2937 1243 2961 ex.
1269 2928 1429 2960 latinum
1453 2927 1493 2958 in
1526 2926 1605 2959 cod.
1630 2926 1711 2959 Sic.

76 2982 159 3019 181,
184 2982 209 3016 f.
233 2983 306 3016 237.

130 3037 152 3066 ,Β
174 3036 225 3068 Cf.
250 3036 423 3068 XENOPH:
447 3035 608 3068 Memor.
633 3035 742 3069 Socr.
767 3035 812 3076 Il,
839 3037 868 3069 1.

139 3091 152 3109 ³
173 3089 332 3122 Ioannes
355 3089 399 3122 de
421 3089 457 3122 la
480 3088 608 3129 Cerda,
634 3089 710 3121 dux
733 3089 777 3122 (16
800 3089 1032 3123 Medinaceli.
