2028 3531
332 262 401 297 ⁹286
802 262 1006 300 er'rERAc
1044 264 1388 308 Qummlmsssrnsss

285 391 388 429 pore
418 380 705 431 porrigerent,
736 392 787 420 ac
816 381 1038 432 porrigere
1066 381 1179 420 clam
1206 381 1420 422 iuberent.
1443 381 1661 422 Adhibuit
1681 386 1904 434 praeterea

287 444 443 483 Rector
488 455 666 494 operam
713 445 928 492 sedulam,
964 447 1006 484 vt
1035 444 1346 494 quadrimestri
1394 445 1477 485 hoc
1523 448 1717 497 tempore
1749 448 1904 499 grauia

284 508 500 559 quaedam
531 508 661 556 mala,
692 511 734 549 et
762 520 814 549 ex
860 509 1024 560 quibus
1062 521 1151 547 non
1200 520 1336 559 parua
1366 510 1615 560 potuissent
1643 511 1748 551 oriri
1778 524 1904 552 scan-

284 573 399 619 dala,
432 573 765 624 impedirentur,
799 576 843 613 vt
871 574 1019 618 etiam,
1052 573 1227 613 Christo
1270 573 1394 622 duce,
1445 574 1608 615 factum
1637 578 1725 624 est;
1757 577 1834 628 qui
1863 579 1905 617 et

284 637 373 676 alia
402 637 609 689 pleraque
638 640 731 678 tum
763 639 951 689 priuata,
984 640 1077 677 tum
1124 638 1300 688 publica
1329 639 1504 690 negotia
1536 652 1625 679 non
1655 641 1781 691 parui
1816 653 1906 682 mo-

285 702 420 742 menti
452 703 687 753 promouit.

365 768 427 806 11.
460 766 685 816 Quantum
732 768 786 807 ad
834 767 1053 818 euangelij
1106 768 1400 807 ministerium
1449 769 1620 816 attinet,
1657 770 1712 810 M.
1745 771 1906 822 Grego-

285 833 378 872 rius
410 840 444 878 ἃ,
488 833 564 884 qui
608 833 655 872 in
702 834 751 873 D.
783 832 1003 872 Lamberti
1052 833 1195 872 locum
1244 833 1456 873 suffectus
1484 836 1549 874 est
1579 837 1607 882 1,
1652 836 1906 876 eclesiastae

283 897 428 937 officio
457 898 575 948 apud
605 910 686 937 nos
715 898 916 948 fungitur
944 909 1043 936 cum
1073 899 1196 937 tanta
1225 910 1397 949 semper
1425 899 1679 939 auditorum
1700 903 1743 940 et
1763 902 1905 952 gratia

284 964 326 1001 et
355 962 615 1013 frequentia,
647 965 813 1013 quanta
843 962 898 1001 ab
927 974 1146 1002 annorum
1180 965 1371 1013 quatuor
1417 964 1576 1014 spatio,
1608 967 1654 1004 vt
1681 966 1904 1014 audimus,

284 1039 513 1078 nunquam
543 1027 640 1067 fuit.
675 1028 721 1066 P.
756 1027 958 1077 Piringer
986 1027 1222 1067 dominicis
1251 1028 1424 1071 diebus,
1456 1029 1565 1068 hora
1585 1030 1903 1080 pomeridiana,

283 1092 552 1131 christianae
580 1092 806 1131 doctrinae
835 1091 1051 1132 elementa
1082 1092 1246 1132 Vtiliter
1275 1093 1421 1134 tradit.
1453 1094 1653 1133 Matrona
1689 1096 1906 1146 quaedam

284 1169 373 1196 non
404 1157 545 1196 infimi
575 1157 693 1207 apud
726 1156 987 1196 viennenses
1017 1157 1201 1205 ordinis,
1247 1157 1324 1197 sed
1372 1159 1731 1208 sacramentaria,
1762 1172 1813 1200 ac
1842 1161 1908 1200 lu-

284 1222 524 1262 teranismo
555 1221 572 1247 ¹³
604 1233 784 1272 prorsus
814 1221 990 1269 infecta,
1027 1222 1167 1261 nobili
1218 1223 1279 1273 (vt
1325 1224 1541 1274 suspicor)
1591 1236 1780 1273 rumore,
1829 1226 1906 1277 qui

284 1287 414 1337 longe
443 1287 616 1338 lateque
645 1287 698 1326 de
728 1287 774 1327 P.
806 1285 1018 1338 Gregorio
1047 1287 1309 1335 iactabatur,
1341 1288 1487 1336 ducta,
1531 1300 1631 1328 cum
1679 1289 1776 1329 eius
1805 1302 1906 1330 con-

283 1351 454 1391 cionem
502 1351 713 1398 audisset,
762 1353 887 1390 tanta
932 1363 1029 1391 eam
1075 1352 1128 1391 de
1175 1352 1390 1392 anteactis
1437 1353 1619 1404 flagitiis
1666 1355 1907 1405 poenitudo

284 1416 466 1464 inuasit,
500 1418 544 1455 vt
571 1416 710 1455 altero
739 1416 888 1455 statim
909 1416 980 1455 die
999 1416 1054 1455 ad
1076 1416 1371 1467 poenitentiae
1391 1418 1565 1469 asylum
1595 1426 1610 1445 0
1643 1419 1903 1471 confugerit.

284 1481 435 1521 Altera
463 1481 700 1520 admodum
732 1481 896 1520 nobilis
926 1481 1064 1532 virgo,
1097 1494 1196 1521 cum
1227 1482 1380 1522 multis
1410 1482 1497 1522 iam
1544 1483 1701 1523 diebus
1744 1485 1908 1524 melan-

283 1546 429 1586 cholia
460 1548 704 1593 vexaretur,
736 1557 786 1585 ac
815 1545 862 1585 in
891 1545 1083 1585 furorem
1132 1558 1242 1597 pene
1289 1549 1418 1595 esset,
1468 1547 1908 1600 desperationemque

283 1622 512 1658 conuersa,
545 1610 608 1650 sic
636 1610 829 1661 quodam
859 1610 1056 1650 eiusdem
1087 1611 1231 1650 Patris
1266 1623 1467 1652 sermone
1514 1612 1703 1652 excitata
1749 1615 1829 1662 est,
1862 1615 1908 1653 vt

283 1676 441 1727 sopitis
470 1676 679 1715 omnibus
718 1676 1099 1727 perturbationum
1141 1677 1360 1727 procellis,
1409 1677 1551 1717 eidem
1597 1690 1759 1730 magno
1806 1691 1906 1719 cum

283 1742 428 1781 fructu
458 1741 660 1780 confessa
690 1740 835 1780 fuerit.
873 1741 971 1780 Duo
1000 1753 1176 1793 quoque
1222 1742 1421 1793 germani
1451 1744 1494 1782 et
1522 1743 1647 1783 senio
1676 1745 1718 1783 et
1747 1744 1906 1784 foedis-

283 1807 395 1846 sima
424 1806 684 1846 lutheranae
712 1806 945 1845 haereseos
973 1806 1236 1857 contagione
1264 1819 1407 1847 annos
1450 1808 1799 1858 quatuordecim,
1830 1810 1908 1849 aut

282 1871 392 1911 forte
422 1871 585 1922 plures,
618 1870 783 1917 infecti,
814 1882 914 1910 cum
958 1882 1189 1922 nunquam
1236 1871 1533 1922 poenitentiae
1580 1875 1906 1913 sacramentum

281 1936 511 1984 adiissent,
544 1935 590 1975 P.
624 1935 827 1986 Piringer
854 1934 873 1961 d
893 1935 1094 1975 consiliis
1123 1936 1446 1976 confessionem
1466 1949 1647 1989 syncere
1666 1949 1717 1977 ac
1737 1938 1906 1990 integre

283 2002 559 2052 peregerunt,
590 2001 633 2039 et
661 2011 761 2039 vere
790 2000 995 2040 catholici
1035 2012 1154 2040 nunc
1202 2001 1374 2041 viuunt.
1426 2002 1546 2041 Idem
1595 2003 1908 2053 praestiterunt

282 2077 424 2116 nuper
452 2065 540 2104 duo
570 2076 659 2104 non
702 2064 880 2104 infimae
927 2065 1059 2104 sortis
1107 2065 1326 2113 bohaemi,
1376 2078 1565 2117 quorum
1594 2067 1704 2106 alter
1733 2067 1906 2107 hussita

283 2129 662 2181 peruersissimus,
694 2129 805 2169 alter
851 2129 1057 2181 picardus
1088 2130 1187 2181 (hoc
1215 2130 1333 2170 enim
1363 2133 1429 2171 est
1462 2133 1605 2171 sectae
1634 2135 1810 2183 nomen)
1842 2132 1907 2172 in-

282 2195 425 2246 signis
453 2196 559 2235 erat.
591 2194 806 2235 Nonnulli
840 2197 1063 2246 praeterea
1092 2196 1168 2247 qui
1190 2198 1278 2236 tres
1300 2199 1378 2236 aut
1397 2198 1587 2248 quatuor
1606 2209 1763 2245 annos,
1788 2198 1908 2238 velut

282 2259 416 2307 athei,
448 2260 584 2299 vitam
605 2260 798 2299 ferarum
819 2260 905 2300 ritu
927 2260 1160 2311 degebant,
1183 2263 1436 2301 nostrorum
1456 2273 1589 2313 opera
1608 2262 1664 2301 ad
1681 2262 1906 2302 meliorem

283 2327 474 2364 mentem
503 2325 708 2365 conuersi
737 2337 932 2364 amaram
961 2337 1143 2365 suorum
1182 2327 1394 2366 scelerum
1445 2326 1641 2367 fecerunt
1687 2327 1907 2367 exomolo-

283 2389 408 2441 gesin
438 2397 484 2429 e.
517 2389 701 2440 Aliquot
729 2389 861 2430 etiam
892 2389 1096 2437 studiosi,
1132 2390 1209 2441 qui
1258 2390 1373 2442 turpi
1421 2391 1654 2431 haereseos
1700 2392 1799 2432 labe
1828 2392 1907 2432 im-

282 2454 394 2502 buti,
426 2454 544 2505 apud
591 2466 673 2494 nos
719 2456 867 2495 tamen
913 2454 1163 2494 adulterina
1191 2455 1383 2506 quadam
1413 2456 1589 2507 pietatis
1618 2456 1812 2508 imagine
1839 2469 1907 2497 or-

283 2519 502 2559 thodoxae
532 2519 633 2558 fidei
663 2519 923 2571 religionem
952 2519 1290 2569 simulauerant,
1312 2520 1530 2561 abiuratis
1550 2521 1644 2561 suis
1664 2521 1904 2570 erroribus

344 2722 362 2741 a
382 2713 563 2754 Georgius
584 2712 631 2745 A.
666 2731 706 2735 —
734 2712 754 2739 b
787 2712 1009 2745 lutranismo
1031 2712 1077 2745 A.
1102 2731 1141 2735 —
1177 2721 1192 2740 c
1211 2713 1347 2746 asilum
1369 2713 1415 2747 A.
1439 2732 1480 2737 -—
1502 2714 1522 2742 d
1541 2714 1604 2747 Ita
1628 2714 1685 2752 B„
1710 2715 1750 2747 in
1772 2715 1806 2747 A
1834 2715 1906 2748 du·

283 2766 349 2799 bia
382 2766 464 2799 lect.
489 2784 529 2788 —-
552 2774 568 2793 e
600 2766 881 2807 exomologesen
902 2765 950 2799 A.

345 2933 353 2950 ¹
379 2931 417 2964 P.
442 2931 660 2964 Lambertus
682 2931 794 2971 Auer,
818 2931 1064 2971 contionator‚
1091 2940 1175 2963 cum
1197 2931 1370 2973 episcopo
1399 2931 1678 2973 Commendone‚
1703 2932 1906 2974 apostolico

283 2984 429 3024 nuntio,
455 2984 641 3026 profectus
663 2985 755 3017 erat.
780 2983 873 3016 Vide
896 2992 1010 3025 supra
1038 2993 1074 3026 p.
1100 2984 1170 3017 157.
1196 2983 1265 3017 Pro
1300 2994 1375 3027 quo
1407 2984 1445 3018 P.
1470 2984 1669 3027 Gregorius
1703 2985 1906 3018 Rosseffius

284 3036 462 3070 suffectus
484 3038 553 3070 est.
