2028 3531
312 277 381 314 710
782 276 987 314 Llr'rERAE
1014 277 1359 323 QuAnmifflsTnss

270 396 451 436 Rectore
499 396 545 436 in
593 396 746 436 uillam
796 399 990 436 nostram
1039 395 1471 447 septimanticensem
1514 406 1560 435 se
1594 394 1779 442 abdidit,
1811 394 1888 435 ubi

266 461 544 501 confessione
587 461 828 513 generatim
860 462 987 509 facta,
1020 462 1075 500 ab
1104 461 1256 500 eodem
1302 460 1429 499 Patre
1459 459 1505 499 in
1533 459 1795 499 ceremoniis
1824 458 1889 499 in-

266 528 461 566 structus
490 529 570 574 est,
603 526 767 578 quibus
798 538 865 566 res
895 527 1049 566 diuina
1098 525 1335 577 peragitur.
1369 524 1456 564 Nec
1502 526 1675 564 tantum
1722 524 1889 564 bonum

266 589 426 630 no‘men
456 591 696 642 opinioque
725 591 957 631 Societatis
986 592 1041 630 ad
1072 591 1154 630 hoc
1183 601 1323 640 genus
1352 589 1585 629 hominum
1615 588 1885 636 extenditur,

266 656 343 695 sed
372 656 504 695 etiam
547 656 601 695 ad
645 656 758 695 alios
804 658 1038 707 peruagata
1069 658 1149 701 est,
1182 654 1258 706 qui
1288 656 1330 694 et
1359 665 1517 705 genere
1551 655 1593 693 et
1621 653 1890 694 authoritate

268 720 509 771 plurimum
539 721 720 771 pollent.
754 721 929 760 Habent
959 732 1148 771 namque
1177 731 1281 770 erga
1301 730 1384 758 nos
1403 730 1492 758 non
1523 729 1675 769 parum
1706 729 1891 769 propen-

267 796 340 824 sos
370 784 544 824 animos
587 785 866 836 placentinus
909 785 1142 836 episcopus
1173 787 1202 832 ¹,
1234 786 1276 824 et
1309 783 1524 823 coriensis
1552 784 1582 832 ²,
1615 793 1788 822 necnon
1818 794 1890 834 pa-

267 849 464 889 lentinus
493 851 522 898 ³,
555 850 754 889 osornini
786 850 968 890 comites
997 853 1026 897 ⁴²,
1061 849 1257 889 marchio
1279 848 1506 888 vianensis
1534 850 1564 898 ⁵,
1596 858 1742 888 comes
1771 847 1891 887 Mon-

268 914 325 953 tis
373 915 490 954 acuti
525 916 555 962 ὅ,
587 927 733 955 comes
779 915 832 954 de
880 915 1079 954 Miranda
1109 916 1139 962 ⁷,
1186 913 1425 953 admodum
1475 912 1664 953 illustris
1710 911 1891 952 domina

267 979 404 1018 Maria
433 979 485 1018 de
515 980 725 1030 Mendoca
754 982 783 1027 ⁸,
819 980 1005 1031 majores
1047 980 1178 1019 etiam
1209 979 1417 1030 collegae,
1449 979 1581 1029 atque
1620 976 1694 1028 alij
1719 976 1890 1016 schola-

266 1043 381 1091 stici,
412 1056 600 1095 quorum
631 1056 730 1084 cum
753 1045 917 1084 nostris
938 1046 1003 1084 est
1025 1044 1257 1083 familiaris
1277 1042 1566 1083 consuetudo.
1590 1041 1750 1081 Missos
1777 1040 1891 1081 facio

267 1108 512 1148 haereticae
542 1109 777 1160 prauitatis
806 1110 1109 1161 inquisitores,
1141 1109 1217 1160 qui
1247 1120 1330 1148 nos
1362 1109 1543 1159 paterno
1568 1118 1716 1146 amore
1745 1117 1892 1158 prose-

267 1175 477 1225 quuntur,
510 1176 795 1225 nostramque
825 1186 1001 1226 operam
1033 1186 1123 1214 non
1154 1186 1252 1213 raro
1297 1174 1497 1224 poscunt.
1530 1171 1706 1223 Elapsis
1734 1170 1892 1211 diebus

265 1250 366 1278 cum
386 1239 433 1278 hi
463 1239 539 1290 qui
560 1239 613 1279 de
634 1240 803 1279 haeresi
825 1247 857 1285 a,
890 1240 960 1279 uel
982 1240 1070 1279 alia
1098 1242 1216 1279 secta
1237 1240 1362 1278 erant
1383 1237 1539 1286 notati,
1562 1238 1711 1277 essent
1731 1235 1890 1287 produ-

267 1303 409 1351 cendi,
441 1304 775 1344 aduocauerunt
804 1305 859 1344 ad
889 1316 935 1344 se
964 1306 1140 1344 nostros
1172 1304 1338 1351 Patres,
1366 1304 1416 1342 ut
1444 1302 1561 1351 illos,
1585 1301 1662 1353 qui
1691 1299 1892 1341 comburi

268 1368 501 1417 debebant,
534 1371 647 1408 recte
677 1369 724 1408 in
745 1369 828 1408 fide
859 1369 1113 1416 formarent,
1137 1370 1179 1408 et
1199 1369 1254 1408 ad
1274 1380 1370 1408 eam
1393 1379 1579 1419 poenam
1609 1378 1688 1417 pro
1717 1365 1892 1406 Christo

268 1433 544 1473 subeundam
576 1445 727 1474 eorum
759 1434 933 1473 animos
963 1446 1041 1485 pro
1074 1433 1192 1473 uirili
1215 1433 1518 1479 inflamarent3
1550 1431 1606 1471 ad
1635 1442 1768 1482 quam
1799 1441 1890 1470 rem

267 1497 381 1538 nulli
430 1497 518 1538 fere
565 1499 640 1550 alij
685 1499 827 1550 janua
858 1499 1071 1550 patefacta
1102 1500 1167 1538 est
1196 1510 1330 1549 quam
1360 1496 1540 1537 nostris.
1574 1495 1738 1536 Omnes
1767 1506 1889 1543 sane,

268 1564 486 1614 quantum
516 1563 693 1615 assequi
741 1575 993 1614 possumus,
1027 1563 1097 1603 uel
1141 1563 1186 1602 in
1232 1562 1456 1602 meliorem
1487 1563 1676 1601 mentem
1707 1559 1890 1607 rediere,

268 1628 355 1675 uel,
387 1628 463 1679 qui
494 1628 541 1667 in
573 1628 671 1667 fidei
719 1629 938 1668 sententia
981 1628 1072 1679 jam
1121 1630 1260 1675 erant,
1293 1627 1551 1667 feruentiori
1588 1625 1739 1666 animo
1768 1624 1893 1664 illam

269 1695 374 1732 sunt
402 1693 609 1744 amplexi,
641 1705 734 1732 eam
767 1693 886 1733 uitae
907 1693 1123 1732 rationem
1144 1694 1412 1738 execranteS,
1435 1703 1569 1743 quam
1598 1692 1691 1731 toto
1720 1691 1893 1742 pectore

269 1757 444 1797 fuerant
473 1758 641 1798 sectati.
673 1757 771 1797 Non
801 1758 940 1797 defuit
969 1759 1117 1797 tamen
1147 1770 1228 1797 sua
1257 1759 1439 1797 satanae
1464 1757 1641 1808 praeda,
1663 1767 1798 1807 quam
1828 1765 1893 1794 ra-

269 1822 373 1861 bido
402 1834 476 1862 ore
506 1822 784 1873 discerperet.
819 1823 920 1862 Erat
949 1822 967 1848 b
1002 1834 1193 1874 namque
1238 1823 1352 1862 inter
1394 1822 1497 1861 illos
1526 1821 1659 1861 homo
1701 1819 1772 1860 sui
1811 1818 1894 1859 ini—

269 1886 474 1938 quissimi
506 1887 720 1938 propositi
751 1887 812 1926 ita
842 1890 988 1936 tenax,
1021 1889 1069 1927 ut
1101 1887 1246 1938 potius
1276 1887 1552 1934 daemonem,
1583 1897 1718 1937 quam
1752 1883 1893 1924 homi-

269 1962 369 1991 nem
412 1952 674 2003 appellares,
707 1952 993 1992 tenuissimae
1037 1952 1251 2002 fortunae,
1293 1951 1478 1991 humilis
1520 1949 1710 2003 generis,
1742 1950 1893 2000 utpote

270 2016 346 2067 qui
376 2016 592 2056 sutoriam
622 2019 760 2056 artem
799 2017 1041 2064 exercebat,
1073 2019 1115 2056 et
1157 2017 1275 2068 quod
1319 2016 1461 2068 magis
1504 2015 1627 2056 illius
1670 2013 1893 2054 insaniam

269 2080 431 2132 arguit,
463 2081 533 2120 uir
562 2084 655 2120 erat
684 2084 853 2121 emotae
883 2081 1058 2130 mentis,
1090 2081 1166 2133 qui
1198 2082 1348 2121 nullae
1377 2083 1521 2121 sectae
1550 2081 1643 2120 erat
1671 2078 1890 2125 addictus,

270 2146 400 2185 modo
425 2146 578 2198 judaei
608 2154 622 2172 C
644 2147 799 2186 faciem
830 2158 933 2197 prae
976 2158 1021 2186 se
1065 2147 1245 2193 ferebat,
1278 2147 1407 2186 modo
1450 2156 1742 2197 agarenorum
1772 2143 1893 2184 uiam

270 2222 348 2250 seu
378 2211 526 2262 potius
555 2211 711 2251 deuios
740 2211 966 2251 anfractus
996 2211 1327 2262 insequebatur,
1351 2211 1397 2250 in
1428 2210 1577 2251 uarias
1597 2209 1787 2260 denique
1808 2208 1894 2248 for-

271 2287 366 2315 mas
407 2287 454 2315 se
498 2277 711 2324 uertebat,
744 2276 980 2327 uariosque
1022 2276 1205 2324 colores,
1238 2277 1361 2316 uelut
1403 2276 1514 2316 alter
1557 2275 1753 2326 Polypus
1797 2272 1892 2325 [sic]

271 2340 508 2390 referebat3
540 2341 733 2392 consilij,
768 2341 952 2381 necdum
996 2341 1261 2392 argumenti,
1294 2353 1384 2381 non
1426 2342 1520 2381 erat
1548 2340 1687 2388 locus,
1718 2338 1775 2378 ad
1803 2349 1894 2377 om-

333 2519 351 2539 a
372 2511 526 2544 heressi.
559 2512 604 2544 A.
629 2531 669 2535 —
692 2512 710 2538 b
730 2512 855 2544 Prius
879 2512 995 2544 erant.
1020 2530 1059 2534 —
1083 2520 1098 2539 c
1114 2511 1219 2553 judei
1242 2511 1287 2544 A.

333 2682 343 2699 ¹
367 2679 498 2712 Petrus
522 2679 641 2712 Ponce
664 2679 708 2711 de
732 2678 840 2711 Leon.

332 2735 345 2753 2
368 2733 529 2765 Didacus
553 2726 763 2774 Henriquez
786 2732 830 2764 de
852 2730 1040 2763 Almansa.

334 2789 346 2806 ²³
369 2786 661 2828 Christophorus
684 2784 894 2817 Fernandez
918 2784 961 2816 de
984 2783 1203 2817 Valtodano.

334 2841 346 2859 ⁴
368 2839 462 2872 Vide
484 2849 518 2881 p.
544 2839 596 2872 58.

334 2894 346 2913 ⁵
368 2893 498 2925 Petrus
522 2891 712 2924 Pimentel.

333 2948 345 2965 ⁶
368 2945 587 2977 Franciscus
610 2944 779 2977 Hurtado
802 2944 846 2976 de
869 2943 1055 2976 Mendoza.

335 3001 345 3017 ⁷
369 2998 500 3030 Petrus
523 2998 567 3030 de
591 2997 734 3038 Zi‘tfiiga
757 2996 993 3029 Avellaneda.

335 3053 348 3070 8
371 3051 420 3084 De
444 3051 513 3083 hac
536 3051 598 3092 pia
621 3050 759 3083 femina
781 3050 832 3082 Cf.
858 3050 952 3082 Stus
976 3049 1221 3082 Franci-scus
1244 3049 1407 3091 Boryia,
1432 3049 1495 3090 III,
1519 3050 1591 3089 333,
1617 3049 1744 3082 annot.
1770 3048 1820 3080 13.
