2028 3531
300 250 362 283 152
767 251 969 287 erTssRAE
1003 255 1193 298 Quantum
1205 265 1346 289 ics'rmzs·

248 366 404 407 tiones.
449 368 639 406 obscena
681 368 812 410 dicta.
857 381 907 409 ac
951 370 994 409 in
1040 371 1094 419 iis
1136 372 1465 413 uolutabantur.
1497 372 1660 422 quibus
1690 373 1861 413 nullum

249 431 361 470 inter
402 432 648 470 custodiam
679 434 720 471 et
751 433 939 473 lustrum
970 435 1205 474 discrimen
1236 448 1330 475 esse
1377 436 1622 476 uidebatur.
1656 437 1722 476 Ad
1760 450 1863 487 pau-

249 507 399 546 perum
431 496 625 546 hospitia
653 509 829 548 quoque
849 498 937 538 duo
967 501 1122 539 fratres
1152 501 1204 539 ad
1236 500 1555 540 consolandum
1588 501 1862 542 intirmorum

245 562 433 607 coetum,
459 564 656 611 perorata
687 562 912 608 concione,
935 563 1133 614 dirigunt
1166 565 1267 605 iter:
1301 564 1374 615 qui
1398 565 1522 614 graui
1547 566 1697 604 morbo
1718 567 1862 606 affecti

249 624 451 663 familiari
485 625 707 675 colloquio
738 626 991 677 resipiscere
1025 629 1244 668 uidentur.

326 690 361 728 7.
395 689 521 728 Nunc
558 690 789 730 ueniamus
809 691 863 730 ad
894 692 995 732 alia.
1021 693 1278 744 Complures
1303 693 1531 744 utriusque
1551 706 1683 734 sexus
1711 696 1863 734 crebro

243 754 298 792 ad
328 757 528 793 nostrum
560 756 710 795 fanum
733 757 977 804 confluunt,
1013 770 1100 809 quo
1130 758 1393 797 sacramenti
1417 760 1580 798 altaris
1609 763 1860 811 sumptione

243 829 325 857 sua
371 819 558 858 crimina
599 819 830 860 deleantur
866 830 906 861 ²¹:
957 822 1148 873 singulis
1176 824 1200 861 S
1231 822 1247 847 ¹³
1282 823 1438 862 diebus
1468 823 1560 873 alij,
1594 824 1663 863 uel
1707 825 1862 864 saltem

244 882 413 922 decimo
455 884 612 934 quinto
655 897 830 936 quoque
872 886 942 926 die
985 887 1241 938 angelorum
1286 888 1568 927 sanctissimo
1600 900 1710 939 pane
1745 890 1862 929 refici

244 947 400 987 solent.
434 948 518 997 Qui
563 961 667 988 uero
711 950 890 1001 longius
932 951 978 990 in
1021 951 1179 1001 spiritu
1214 952 1421 991 uidentur
1458 953 1670 1002 prouecti,
1707 953 1863 1004 positis

243 1012 426 1051 omnino
456 1012 501 1051 in
533 1013 731 1053 minimis
759 1015 950 1064 caducis,
971 1016 1168 1066 quotidie
1198 1017 1541 1056 communicant.
1575 1018 1862 1068 [inpresentia

243 1077 384 1116 satius
426 1089 522 1117 esse
565 1090 662 1118 reor
689 1090 714 1118 a
744 1079 968 1120 laudanda
998 1090 1012 1106 ¹·
1056 1081 1270 1131 probitate
1300 1081 1551 1132 aliquorum
1582 1082 1658 1133 qui
1689 1094 1734 1121 se
1764 1083 1863 1122 obe-

243 1140 435 1181 dientiae
477 1143 699 1182 credidere
742 1145 1026 1195 supersedere
1059 1144 1093 1193 (¹,
1120 1157 1252 1196 quam
1297 1146 1349 1185 de
1387 1158 1437 1185 ea
1476 1146 1666 1186 scribere
1709 1158 1859 1197 parce;

243 1207 307 1245 sat
339 1218 680 1247 commemorare
709 1209 868 1259 opinor
897 1209 1030 1249 unius
1053 1210 1260 1250 uirtutem
1293 1211 1501 1250 omnibus
1532 1211 1716 1251 fortasse
1745 1223 1862 1251 com-

244 1271 367 1310 muni
397 1272 607 1322 opinione
636 1274 929 1324 praestantis:
962 1275 1143 1326 optimis
1172 1275 1333 1314 etenim
1363 1275 1615 1327 quibusque
1653 1276 1706 1315 ad
1739 1277 1863 1316 beate

244 1336 487 1376 uiuendum
530 1337 833 1388 aspirantibus
876 1339 922 1378 in
966 1339 1108 1390 ipsum
1152 1352 1287 1379 unum
1318 1340 1471 1380 oculos
1499 1341 1716 1391 coniicere
1745 1341 1859 1381 licet.

243 1400 505 1452 Quanquam
526 1402 714 1442 obscuro
735 1403 831 1442 loco
851 1403 909 1443 sit
929 1406 1075 1449 natus,
1099 1416 1201 1443 nam
1224 1405 1345 1443 faber
1373 1404 1548 1452 dicitur,
1574 1408 1862 1445 ueruntamen

242 1465 547 1514 admirabilem
578 1479 681 1517 prae
710 1468 789 1507 Dei
819 1471 1056 1519 conspectu
1086 1469 1421 1520 preciosumque
1445 1470 1664 1510 ducimus.
1697 1471 1863 1510 Preter-

244 1530 370 1570 mitto
402 1531 530 1570 modo
573 1532 871 1572 humilitatem
915 1533 1025 1580 eius,
1057 1546 1169 1584 quae
1200 1534 1390 1574 maxime
1419 1537 1563 1586 egeret
1592 1536 1860 1583 narratione,

242 1595 319 1634 sed
340 1595 571 1635 dumtaxat
594 1598 968 1647 promptissimam
998 1598 1292 1638 obedientiam
1323 1599 1660 1650 significandam
1692 1600 1739 1640 P.
1761 1603 1861 1640 tuae

242 1660 422 1710 putaui;
455 1661 501 1700 in
531 1673 619 1711 qua
648 1662 757 1701 adeo
788 1662 951 1702 infixus
982 1663 1172 1711 uidetur,
1206 1666 1249 1703 ut
1290 1664 1617 1716 qualiacunque
1655 1665 1862 1715 quamuis

242 1725 473 1775 perardua,
497 1726 627 1765 hilari
658 1726 808 1766 animo
829 1728 978 1767 subire
1008 1728 1189 1767 minime
1211 1731 1379 1768 recuset
1413 1737 1442 1768 θ.
1477 1729 1649 1768 Accidit
1668 1730 1860 1780 quadam

241 1789 326 1838 die,
350 1790 552 1830 mirabile
573 1791 709 1838 dictu,
731 1792 850 1842 quod
870 1792 983 1832 duos
1004 1804 1140 1842 panes
1160 1793 1337 1832 dederat
1360 1793 1561 1844 emptori,
1580 1794 1708 1845 quasi
1732 1797 1858 1836 recte.

243 1866 295 1894 ne
324 1855 506 1895 sentiret
536 1856 665 1895 Pater
694 1857 866 1905 Rector,
898 1870 922 1896 a
951 1870 1039 1908 quo
1079 1858 1244 1897 uetitus
1272 1861 1365 1898 erat
1395 1871 1448 1898 ne
1477 1859 1687 1910 exiguum
1729 1860 1742 1885 f
1765 1860 1862 1911 qui-

241 1920 339 1959 dem
369 1932 547 1969 munus,
583 1921 745 1961 nedum
776 1933 985 1973 magnum
1016 1922 1189 1962 afferret
1219 1923 1273 1962 ad
1303 1924 1553 1975 collegium.
1588 1924 1634 1963 ld
1670 1925 1858 1975 uesperi,

241 1984 355 2024 sicut
385 1985 466 2024 fert
508 1986 797 2034 consuetudo,
830 1986 949 2026 Patri
993 1987 1245 2034 nunciatur,
1278 2000 1405 2028 mane
1451 1990 1644 2028 ludibrio
1687 1989 1858 2028 fabrum

242 2048 426 2088 biduum
469 2050 595 2089 edere
636 2053 768 2101 negat
801 2058 831 2099 g,
863 2051 1032 2090 decedit
1074 2051 1239 2092 laetus:
1274 2053 1408 2092 biduo
1438 2053 1499 2092 ita
1537 2053 1730 2093 inediam
1764 2065 1859 2093 sus-

241 2114 390 2161 tinuit,
432 2117 479 2154 ut
527 2115 641 2154 nihil
680 2116 919 2166 sumpserit
961 2116 1063 2160 eibi,
1109 2117 1185 2155 sed
1228 2117 1461 2168 nequidem
1506 2130 1646 2169 aquae
1689 2120 1859 2169 guttam

241 2178 555 2229 degustauerit.
590 2179 641 2218 Et
670 2180 753 2219 hoc
774 2180 1022 2231 grauiorem
1054 2180 1245 2220 inediam
1277 2181 1413 2221 tuisse
1443 2184 1629 2229 constat,
1653 2194 1740 2233 quo
1769 2194 1860 2221 cor—

242 2243 361 2294 poris
404 2244 606 2295 ingratus
652 2245 777 2284 labor
823 2245 1025 2284 extiterat
1067 2245 1341 2293 diutu1²nior;
1387 2247 1632 2286 conductus
1678 2247 1797 2286 enim
1835 2259 1860 2286 a

242 2308 384 2359 primo
413 2321 541 2348 mane
571 2310 625 2348 ad
656 2321 911 2360 supremum
956 2322 1095 2360 usque
1138 2311 1275 2350 solem
1320 2311 1501 2351 assiduo
1536 2312 1861 2363 defatigabatur

240 2373 390 2412 labore
421 2373 452 2413 ¹¹.
486 2374 592 2413 Ecce
622 2374 758 2414 biduo
789 2376 886 2425 post
907 2374 1077 2413 Patrem
1111 2375 1265 2414 reuisit
1296 2376 1439 2415 bonus
1465 2376 1548 2423 uir,
1573 2376 1858 2427 penitentiam

240 2438 384 2483 refert,
407 2450 520 2488 quae
550 2438 680 2489 longe
709 2438 850 2478 maior
879 2438 961 2478 fuit
981 2439 1126 2489 culpa,
1151 2442 1277 2489 prout
1315 2440 1457 2490 potuit
1485 2452 1532 2481 se
1552 2441 1708 2491 egisse.
1735 2441 1858 2479 Hanc

239 2502 483 2553 simplicem
514 2503 810 2542 obedientiam
841 2503 1086 2542 admiratus
1107 2504 1235 2543 Pater
1255 2516 1276 2543 e
1300 2505 1488 2556 uestigio
1518 2505 1779 2545 discolorem
1809 2517 1858 2544 ac

240 2566 504 2606 titubantem
547 2581 767 2607 comesmn
807 2566 814 2592 ῑ
848 2567 909 2606 ire
953 2567 1087 2606 iubet.
1121 2568 1246 2607 Alias
1290 2569 1510 2608 reficiente
1549 2569 1645 2620 ipso
1681 2569 1858 2620 fastigia

240 2632 352 2681 tecti,
383 2632 614 2682 delapsum
644 2634 710 2671 est
740 2632 945 2671 saxulum
993 2633 1120 2682 quasi
1168 2634 1420 2683 scrupulus.
1454 2636 1651 2685 forteque
1683 2634 1858 2674 fortuna

300 2823 316 2841 a
338 2816 569 2847 sacramento
592 2815 876 2847 confessionis...
901 2814 1059 2846 deleant.
1085 2814 1165 2846 Pol.
1191 2834 1229 2837 —
1254 2816 1270 2841 b
1290 2818 1310 2847 >5
1332 2826 1456 2857 ‚supra
1488 2826 1585 2849 vers.
1622 2836 1659 2839 —
1690 2826 1704 2844 c
1734 2826 1755 2849 a
1781 2817 1857 2848 lau-

238 2868 361 2899 danda
383 2868 475 2900 add.
500 2868 596 2907 Pol„
631 2868 700 2900 sed
735 2868 921 2899 videntur
954 2868 1180 2899 neces-saria
1219 2869 1272 2899 acl
1307 2878 1466 2901 sensum
1502 2870 1783 2911 complendum.
1818 2888 1858 2892 —

239 2921 255 2947 11
275 2921 357 2953 Del.
382 2922 424 2952 in
449 2921 525 2961 fine
561 2930 663 2953 ver-5⁴.
702 2929 824 2962 quam.
859 2939 899 2942 -
925 2928 941 2947 e
970 2920 1094 2951 Prius
1131 2923 1317 2953 recusaret
1344 2922 1402 2961 (⁵2³).
1437 2941 1477 2945 —-
1500 2924 1512 2949 f
1549 2923 1726 2963 exiguum
1763 2923 1855 2955 add.

239 2973 332 3013 Pol„
357 2974 476 3005 deleto
505 2974 586 3005 alio
608 2974 735 3011 verbo,
760 2973 863 3014 quod
885 2973 962 3014 legi
984 2973 1131 3013 nequit.
1166 2992 1205 2995 —
1238 2982 1257 3007 g
1287 2976 1393 3015 quasi
1432 2976 1602 3008 ludens...
1642 2985 1715 3007 non
1751 2975 1857 3007 edere

238 3026 339 3058 iubet
364 3026 444 3058 Pol.
470 3045 508 3048 —
535 3027 549 3052 Ιι
579 3026 710 3058 Emecl.
742 3035 789 3057 er
825 3026 959 3057 dolore.
985 3044 1023 3047 ψ
1059 3025 1067 3051 i
1092 3025 1136 3057 ad
1161 3026 1420 3059 comedendum
1446 3028 1526 3060 Pol.
