2028 3531
488 287 569 325 613.
598 310 634 314 —
666 288 950 325 VALLISOLETO
976 287 999 323 6
1026 287 1219 324 IANUARH
1247 286 1339 322 1560.)
1626 283 1699 319 707

110 408 338 449 continere
385 407 546 459 potuit,
591 407 702 459 quin
732 410 837 448 uoto
885 407 1148 447 Societatem
1193 404 1471 457 ingrediendi
1522 403 1639 443 intra
1670 414 1747 442 sex

112 473 333 514 mensium
360 472 651 512 interuallum
672 485 718 512 se
739 473 1077 523 constringeret.
1103 471 1185 511 Hic
1205 472 1378 522 praeter
1397 468 1573 520 generis
1602 468 1748 519 splen-

110 540 262 580 dorem
291 537 477 578 sortitus
505 539 572 577 est
592 549 667 577 eas
688 538 827 577 animi
849 539 891 577 et
919 537 1118 588 corporis
1138 536 1278 584 dotes,
1302 546 1415 586 quae
1445 533 1749 574 accommoda-

111 604 284 645 tissime
313 603 369 644 ad
408 602 642 643 Societatis
685 605 863 643 nostrae
907 615 1092 643 munera
1135 601 1341 641 obeunda
1384 612 1480 640 esse
1522 599 1747 639 uidentur.

112 670 207 711 Hoc
236 681 371 717 anno,
403 667 581 709 Christo
611 668 807 719 auspice,
832 668 887 707 ad
909 670 1153 707 extremum
1185 665 1436 717 theologiae
1466 677 1624 705 cursus
1654 676 1747 716 per-

112 736 276 784 ueniet,
308 745 516 787 prospere
545 733 724 785 quidem
769 735 986 785 quantum
1031 733 1135 773 talis
1178 733 1261 772 fert
1290 733 1434 779 aetas;
1467 731 1601 770 habet
1630 729 1748 770 enim

111 801 331 854 quosdam
356 798 526 851 ingenij
550 798 789 850 igniculos,
812 799 889 849 qui
912 810 1074 849 magna
1095 798 1148 837 de
1168 809 1215 837 se
1236 796 1492 848 promittere
1521 795 1747 835 uidentur.

112 867 274 907 Decem
303 866 537 915 hucusque
566 875 619 903 ex
648 863 816 903 nostris
845 864 995 903 studia
1025 875 1176 903 sacrae
1197 861 1449 913 theologiae
1480 862 1748 912 protraxere,

112 943 304 984 quorum
334 929 558 982 profectus
588 928 635 968 in
665 929 760 968 dies
790 929 962 969 auctior
991 930 1072 977 est,
1104 929 1145 967 et
1175 927 1294 978 apud
1323 928 1496 966 exteros
1526 925 1572 965 in
1602 925 1686 965 hac
1706 936 1751 965 re

112 996 329 1038 celebrior
356 995 524 1048 opinio.

192 1062 231 1102 2.
264 1061 387 1113 Opus
416 1062 483 1100 est
508 1060 602 1112 jam
632 1062 681 1099 ut
711 1059 890 1099 ueniam
921 1059 976 1099 ad
1007 1059 1184 1099 labores
1213 1065 1231 1084 a
1252 1069 1365 1109 quos
1388 1057 1435 1096 in
1456 1057 1540 1096 hoc
1570 1054 1751 1096 Domini

113 1126 341 1180 praediolo
389 1126 543 1166 Patres
590 1124 732 1165 nostri
782 1124 984 1164 hilariter
1030 1124 1272 1172 contulere,
1305 1122 1382 1174 qui
1421 1122 1459 1162 si
1496 1121 1752 1161 minutatim

112 1194 262 1234 essent
290 1191 524 1239 referendi,
556 1190 635 1231 uix
664 1189 879 1241 epistolae
910 1190 1091 1229 modum
1123 1191 1339 1236 tenerem3
1363 1199 1439 1227 eos
1468 1189 1618 1227 tamen
1647 1187 1753 1226 sub-

114 1258 280 1311 ijciam,
311 1269 365 1298 ex
408 1256 574 1308 quibus
604 1255 734 1296 facile
763 1255 845 1295 erit
876 1257 1072 1294 coeteros
1111 1253 1380 1305 conjecturis
1415 1253 1589 1292 ducere.
1636 1251 1751 1302 Qua-

114 1326 216 1365 tuor
245 1324 399 1363 Patres
430 1321 588 1373 majori
618 1333 671 1361 ex
702 1323 825 1372 parte
856 1321 902 1359 in
933 1319 1390 1371 magnificentioribus
1433 1318 1571 1370 hujus
1599 1316 1752 1368 oppidi

114 1388 293 1441 templis
322 1388 468 1428 solent
498 1387 545 1427 in
574 1386 834 1427 concionem
867 1386 1124 1437 procedere,
1157 1397 1260 1424 nam
1283 1385 1409 1424 nulla
1439 1384 1527 1424 fere
1557 1385 1624 1424 est
1653 1395 1752 1423 con-

113 1455 198 1503 cio,
229 1466 344 1506 quae
374 1452 620 1493 honorifica
649 1452 722 1500 sit,
754 1463 868 1503 quae
895 1451 1104 1491 Patribus
1126 1450 1292 1490 nostris
1324 1462 1413 1489 non
1444 1449 1751 1498 demandetur,

113 1532 215 1561 cum
245 1519 358 1560 alias
388 1519 462 1559 hic
491 1518 642 1558 adsint
681 1517 883 1568 insignes
926 1516 1286 1564 concionatores3
1320 1517 1443 1555 tanta
1473 1516 1540 1554 est
1569 1514 1625 1554 ad
1654 1526 1754 1554 nos-

114 1587 207 1627 tros
235 1584 376 1625 animi
404 1596 506 1625 cum
535 1583 668 1624 laude
696 1582 950 1634 propensio.
980 1582 1095 1621 Hinc
1125 1582 1187 1629 fit,
1211 1584 1259 1621 ut
1289 1580 1628 1632 copiosissimus
1657 1579 1675 1606 b
1697 1580 1753 1620 sit

115 1650 370 1692 auditorum
401 1660 662 1695 concursus,
686 1660 778 1688 non
805 1650 979 1688 tantum
1003 1647 1173 1698 plaebei
1195 1646 1382 1693 ordinis,
1406 1646 1482 1685 sed
1512 1648 1554 1685 et
1584 1657 1752 1691 eorum,

114 1716 192 1769 qui
222 1718 317 1757 tum
347 1715 395 1755 in
423 1714 582 1763 literis,
615 1717 708 1754 tum
740 1713 786 1753 in
817 1713 992 1764 generis
1021 1713 1257 1764 splendore
1288 1711 1454 1763 primas
1475 1711 1647 1759 ferunt;
1679 1723 1756 1750 au-

115 1782 282 1823 ditores
311 1792 506 1832 namque
535 1782 576 1820 et
606 1781 833 1832 praetores
863 1778 1170 1821 cancellariae,
1204 1789 1338 1829 penes
1381 1789 1494 1828 quos
1523 1778 1589 1816 est
1618 1776 1756 1828 hujus

116 1847 242 1898 regni
272 1846 644 1899 gubernaculum,
676 1844 939 1896 iurisperiti,
973 1843 1194 1890 aduocati,
1232 1843 1444 1894 collegae,
1480 1842 1647 1894 alijque
1668 1841 1756 1881 uiri

116 1912 296 1961 literati,
327 1924 504 1952 necnon
533 1910 833 1952 illustrissimi
872 1910 1093 1957 homines,
1140 1911 1234 1949 tum
1264 1908 1463 1955 comites,
1505 1909 1600 1948 tum
1644 1919 1756 1946 mar-

115 1978 300 2020 chiones
330 1977 720 2030 fraequentissime
763 1976 818 2016 ad
863 1975 1111 2016 audiendas
1156 1975 1337 2014 Patrum
1381 1973 1619 2013 conciones
1652 1984 1754 2012 con-

116 2044 252 2085 fluere
294 2044 454 2084 solent.
487 2042 701 2084 Canonici
746 2042 884 2093 hujus
929 2040 1187 2091 metropolis
1230 2041 1424 2079 statuere
1467 2050 1616 2078 secum
1648 2038 1754 2078 huic

117 2111 271 2150 nostro
300 2109 490 2161 collegio
520 2120 657 2149 unam
697 2120 750 2147 ex
780 2107 852 2147 his
890 2105 1184 2146 concionibus
1227 2104 1472 2155 assignare,
1505 2115 1618 2155 quae
1648 2115 1758 2155 qua-

117 2174 395 2227 dragesimae
425 2176 623 2225 tempore
654 2173 701 2213 in
731 2172 936 2224 singulas
957 2171 1289 2211 haehdomadas
1310 2181 1386 2221 per
1407 2169 1514 2208 anni
1540 2168 1757 2208 circulum
1788 2173 1791 2175 ’

117 2240 301 2281 deuolui
331 2240 458 2280 solet.
492 2227 747 2280 Canonicus
781 2237 982 2289 quidam,
1016 2236 1085 2276 uir
1124 2247 1311 2286 magnae
1342 2233 1644 2282 authoritatis,
1677 2233 1757 2273 im-

118 2305 325 2357 portunis
348 2305 583 2356 praecibus
605 2304 902 2344 contendebat
920 2303 975 2342 ab
997 2302 1200 2342 auditore
1221 2299 1528 2348 cancellariae,
1552 2301 1600 2339 ut
1620 2311 1760 2350 quan-

118 2373 213 2412 tum
241 2371 317 2423 jus
347 2381 629 2422 aequumque
652 2372 890 2421 pateretur,
918 2368 1155 2420 protelaret
1181 2375 1195 2393 ⁰
1217 2366 1483 2406 sententiam
1506 2364 1630 2404 illius
1659 2376 1761 2405 cau-

118 2449 209 2485 sae,
240 2448 377 2488 quam
407 2436 537 2476 Pater
580 2434 836 2476 Gutterrius
866 2437 878 2459 1
910 2446 990 2486 pro
1024 2432 1275 2484 placentino
1320 2430 1508 2482 collegio
1553 2430 1626 2470 hic
1668 2430 1761 2481 agit

119 2504 252 2554 atque
280 2501 492 2551 defendit,
525 2503 574 2541 ut
604 2501 676 2541 uel
705 2501 770 2541 sic
799 2501 951 2540 liceret
979 2499 1077 2551 ejus
1099 2498 1391 2538 concionibus
1412 2496 1521 2544 frui,
1545 2497 1612 2536 est
1640 2495 1759 2535 enim

120 2568 168 2608 in
210 2568 294 2608 hoc
323 2580 482 2620 genere
513 2567 728 2607 mirificus
757 2566 931 2615 artifex,
965 2567 1116 2616 utpote
1146 2564 1223 2615 qui
1253 2564 1308 2603 ad
1344 2563 1538 2613 leporem
1582 2561 1759 2601 dicendi

117 2634 268 2687 jungit
314 2633 534 2674 sermonis
581 2633 836 2673 efficaciam.
871 2632 990 2671 Inter
1038 2631 1150 2670 alias
1181 2641 1316 2669 unam
1347 2628 1465 2679 apud
1496 2639 1572 2667 eos
1602 2626 1758 2666 habuit

120 2700 395 2748 concionem,
431 2711 520 2751 qua
562 2699 616 2739 de
646 2698 804 2738 timore
849 2696 1065 2737 tremendi
1091 2695 1251 2747 judicij
1283 2697 1323 2734 et
1368 2693 1525 2733 mortis
1567 2693 1630 2732 ita
1673 2692 1760 2732 dis-

120 2765 274 2816 seruit,
293 2764 406 2806 utin
421 2766 649 2816 stuporem
665 2763 883 2815 quosdam
901 2762 1160 2809 adduceret3
1180 2759 1450 2812 quibusdam
1468 2770 1574 2798 uero
1592 2759 1760 2797 metum

122 2830 516 2871 uehementissime
536 2829 768 2877 incuteret,
793 2828 903 2868 adeo
933 2830 979 2868 ut
1012 2827 1088 2867 uix
1119 2827 1301 2878 possent
1331 2825 1386 2864 ad
1416 2824 1460 2864 id
1491 2823 1759 2864 credendum

185 2974 202 2994 a
223 2966 346 2999 labres
368 2965 415 2999 A.
441 2984 481 2989 —
504 2966 523 2993 b
544 2964 855 3007 copiossissimus
878 2964 924 2997 A.
950 2983 990 2987 —
1021 2972 1036 2991 c
1057 2962 1271 3004 protellaret
1294 2960 1339 2993 A.

184 3094 194 3111 ¹
224 3092 261 3125 P.
287 3092 471 3125 Martinus
495 3090 700 3131 GutierreZ‚
725 3090 874 3132 collegii
899 3089 1104 3131 placentini
1129 3088 1259 3120 rector.
