2028 3531
553 272 634 309 513.
662 293 704 299 —
734 271 955 308 MoNAcmo
983 270 1000 306 1
1028 269 1129 306 MAII
1156 269 1245 305 1561
1595 268 1665 305 9357

79 392 190 432 mihi
220 391 329 432 estis
357 391 436 443 filij
483 394 526 431 et
570 391 824 443 perplacent
852 389 1003 430 omnia
1033 390 1205 436 uestra;
1238 387 1407 439 pergite
1454 386 1633 438 porrh0‚
1666 388 1714 427 ut

79 457 304 508 coepistis,
336 459 379 497 et
407 457 627 508 optimum
648 467 821 507 semper
841 456 890 495 ut
909 455 1126 494 hactenus
1147 465 1216 493 me
1236 452 1438 493 sentietis
1458 453 1712 503 patronum,

79 522 170 562 imo
199 524 382 574 patrem.
429 522 634 562 Porrecta
681 520 841 561 deinde
888 519 1049 560 iterum
1096 521 1229 571 atque
1276 518 1437 559 iterum
1485 528 1636 563 manu,
1668 516 1715 556 in

78 589 229 629 aulam
258 600 387 628 suam
418 600 580 640 magna
608 587 800 640 stipatus
846 585 1068 626 nobilium
1115 587 1156 625 et
1203 584 1395 624 aliorum
1442 585 1621 623 caterua
1649 583 1716 622 est

80 665 301 694 reuersus.
334 654 472 693 Multa
502 655 674 705 praeter
703 653 812 692 haec
841 653 947 692 sunt
975 651 1079 699 alia,
1102 650 1268 702 quibus
1288 660 1421 689 suum
1442 648 1487 688 in
1509 659 1592 687 nos
1612 659 1715 687 con-

79 718 232 759 testari
261 719 375 758 solet
394 730 606 766 amorem,
629 720 672 758 et
692 717 807 757 nihil
827 717 884 756 ab
904 728 955 756 eo
977 716 1219 767 petiuimus
1239 715 1471 761 hactenus,
1492 711 1717 764 (quamuis

79 795 223 835 neque
252 796 393 835 pauca
423 795 566 835 neque
595 795 736 834 parua
764 782 1039 834 petierimus)
1071 781 1190 832 quod
1220 792 1311 820 non
1340 779 1578 819 clementer
1615 789 1718 817 con-

79 850 274 890 cesserit.
308 850 385 890 Est
413 862 520 890 uero
549 851 702 889 tantus
731 849 829 888 eius
857 860 962 899 erga
990 846 1256 887 catholicam
1304 844 1566 896 religionem
1596 843 1717 883 zelus

79 917 122 955 et
151 927 290 964 amor,
324 918 371 955 ut
400 927 480 955 nec
509 915 557 954 in
586 914 838 966 praecipuis
866 913 996 953 aulae
1016 923 1123 952 suae
1143 911 1373 951 nobilibus
1393 910 1449 949 ab
1469 908 1718 948 orthodoxa

80 980 165 1020 fide
194 980 366 1021 alienas
396 981 507 1020 ferat
535 980 786 1031 opiniones,
817 980 1081 1030 argumento
1110 979 1192 1025 est,
1228 976 1348 1027 quod
1395 976 1479 1015 sub
1527 973 1718 1025 paschae

80 1046 258 1094 festum,
290 1046 404 1086 duos
433 1057 598 1097 eosque
628 1045 828 1085 illustres
857 1044 941 1084 hac
970 1043 1066 1083 sola
1095 1055 1230 1083 causa
1260 1041 1446 1082 aedibus
1467 1040 1562 1080 suis
1582 1051 1718 1090 expu—

81 1111 196 1160 lerit,
228 1111 447 1162 suspectis
477 1111 580 1163 alijs
622 1110 769 1151 simile
819 1110 1015 1149 minatus
1061 1108 1262 1156 exilium,
1302 1106 1391 1147 nisi
1440 1105 1565 1145 breui
1614 1103 1719 1144 resi-

81 1176 267 1228 piscant.
290 1176 451 1217 Totum
471 1176 704 1217 cuiusdam
743 1183 761 1202 a
791 1177 1022 1226 suspectae
1051 1173 1249 1214 ciuitatis
1278 1174 1483 1212 senatum
1513 1168 1719 1210 accersiri

81 1242 169 1282 huc
198 1254 340 1293 nuper
374 1242 520 1289 iussit,
573 1241 814 1293 multisque
861 1240 1020 1280 diebus
1067 1238 1255 1279 detineri
1285 1238 1333 1277 in
1361 1236 1614 1277 carceribus
1644 1246 1720 1274 eos

80 1308 138 1346 ob
167 1309 365 1347 notatam
393 1307 440 1347 in
475 1307 539 1347 eis
586 1306 805 1347 haeresim
853 1308 896 1345 et
943 1305 1231 1345 rebellionem
1278 1302 1468 1349 curauit,
1518 1300 1721 1341 seuerius

81 1372 215 1412 etiam
245 1373 292 1412 in
321 1384 398 1412 eos
426 1373 839 1419 animaduersurus,
885 1371 974 1410 nisi
1022 1373 1062 1410 et
1110 1369 1346 1410 seditionis
1392 1368 1526 1407 timor
1572 1365 1720 1418 prohi-

82 1439 267 1487 buisset,
299 1441 341 1478 et
370 1439 725 1478 emendationem
756 1438 823 1477 illi
855 1436 1180 1488 promisissent.
1214 1435 1283 1475 Ad
1313 1435 1421 1474 haec
1464 1444 1633 1473 nouum
1664 1432 1720 1471 ab

81 1504 349 1544 officialibus
378 1504 474 1545 suis
503 1504 802 1544 iuramentum
848 1515 926 1554 per
972 1501 1251 1553 prouinciam
1298 1498 1554 1539 bauaricam
1603 1496 1720 1548 exigi

83 1571 319 1622 praecepit,
355 1583 445 1622 quo
491 1572 772 1610 sacrosancte
818 1569 1079 1620 promittant
1127 1566 1372 1607 catholicae
1419 1577 1466 1604 se
1514 1562 1721 1614 religioni

83 1648 226 1688 usque
256 1636 628 1688 patrocinaturos.
661 1636 714 1675 Et
742 1647 843 1675 cum
872 1635 1135 1674 lutheranae
1163 1632 1414 1673 cantilenae
1443 1629 1599 1681 paucis
1619 1630 1722 1668 ante

82 1701 242 1741 diebus
271 1713 348 1752 per
377 1701 569 1752 compita
601 1701 766 1752 passim
797 1702 840 1740 et
872 1700 1040 1751 plateas
1068 1698 1267 1738 ciuitatis
1287 1696 1433 1737 audiri
1454 1695 1720 1746 coepissent,

83 1768 207 1807 tanta
237 1766 451 1806 continuo
490 1766 726 1806 seueritate
773 1767 977 1806 senatum
1025 1776 1159 1815 super
1206 1763 1290 1802 hac
1319 1774 1364 1802 re
1394 1760 1642 1807 admonuit,
1675 1760 1723 1798 ut

84 1832 234 1872 nullas
263 1832 484 1872 eiusmodi
514 1843 635 1872 nunc
668 1831 823 1871 audire
871 1831 917 1870 in
965 1831 1049 1870 hac
1097 1830 1205 1869 urbe
1251 1827 1495 1878 contingat.
1544 1825 1724 1865 Assolet

84 1897 218 1937 etiam
247 1897 443 1948 optimus
473 1897 694 1948 princeps,
726 1897 764 1936 si
795 1908 909 1947 quos
939 1895 1090 1946 magni
1120 1893 1318 1934 nominis
1347 1894 1388 1933 et
1436 1889 1724 1932 authoritatis

85 1964 223 2012 uiros,
255 1963 328 2003 uel
358 1963 528 2014 alioqui
557 1963 717 2002 charos
746 1962 832 2001 sibi
863 1962 910 2001 in
940 1962 1044 2001 aula
1091 1961 1268 2007 habeat,
1317 1958 1395 2010 qui
1443 1958 1491 1997 in
1538 1957 1623 1996 fide
1652 1968 1724 1995 su-

85 2029 224 2080 specti
255 2030 481 2080 putentur,
513 2028 627 2068 solet
655 2028 840 2079 inquam
883 2027 998 2067 nihil
1041 2038 1133 2066 non
1180 2027 1366 2072 tentare,
1416 2025 1463 2063 ut
1512 2024 1626 2062 recte
1656 2021 1724 2061 illi

85 2094 395 2142 instituantur,
427 2096 470 2133 et
498 2095 554 2133 ab
583 2094 810 2133 erroribus
831 2093 1114 2132 reducantur.
1140 2091 1256 2131 Hinc
1276 2092 1318 2130 et
1339 2090 1476 2130 uerbo
1497 2091 1539 2128 et
1559 2087 1724 2138 scripto

85 2172 239 2200 eorum
269 2160 444 2200 consuli
475 2159 610 2199 saluti
641 2161 780 2207 curat,
813 2161 853 2198 et
884 2160 1036 2198 nostra
1066 2157 1246 2209 quidem
1272 2167 1364 2195 non
1384 2154 1520 2194 semel
1542 2154 1588 2193 in
1609 2153 1725 2192 hanc

87 2238 178 2266 rem
208 2238 343 2277 opera
373 2226 438 2266 uti
469 2225 636 2265 uoluit:
670 2225 719 2264 fit
747 2225 927 2264 demum
961 2225 1115 2263 sancto
1163 2221 1380 2273 principis
1426 2220 1644 2270 exemplo⁷
1677 2220 1725 2258 ut

88 2292 269 2343 plurimi
301 2292 348 2331 in
378 2291 463 2331 fide
496 2291 715 2331 catholica
763 2290 1096 2336 confirmentur,
1147 2288 1277 2328 multi
1324 2286 1474 2334 etiam,
1525 2288 1573 2325 ut
1620 2296 1725 2324 con-

86 2359 257 2397 stanter
286 2358 439 2405 fertur,
471 2357 528 2396 ad
557 2368 654 2396 eam
684 2357 980 2403 reuertamur,
1013 2353 1337 2394 haereticorum
1382 2364 1502 2398 uero,
1535 2362 1725 2402 quorum

87 2435 179 2462 non
209 2422 423 2463 minimus
452 2422 525 2462 hic
554 2424 619 2462 est
648 2433 878 2469 numerus,
910 2420 1059 2460 studia
1106 2421 1148 2459 et
1181 2420 1369 2459 conatus
1399 2416 1723 2468 impediantur:

88 2488 184 2528 sola
214 2488 318 2528 facit
347 2487 671 2527 haereticorum
701 2486 970 2538 principum,
988 2485 1154 2537 quihus
1174 2484 1498 2534 circumseptus
1528 2481 1727 2532 undique

87 2555 155 2593 est
184 2553 410 2601 uicinitas,
442 2555 484 2593 et
513 2554 822 2603 corruptorum
866 2551 1101 2591 hominum
1131 2550 1178 2589 in
1208 2548 1472 2589 seditionem
1508 2546 1724 2598 pronitas,

89 2620 138 2659 ut
166 2619 318 2658 omnia
360 2618 447 2658 ista
476 2630 529 2658 ex
568 2630 675 2669 agro
718 2617 943 2657 dominico
986 2615 1190 2656 funditus
1232 2614 1422 2655 euellere
1470 2624 1561 2652 non
1609 2611 1728 2651 ausit

88 2684 337 2724 catholicus
366 2684 585 2736 princeps.

171 2751 208 2790 7.
242 2750 305 2790 De
333 2749 552 2801 principis
582 2749 722 2790 illust.
754 2750 892 2788 matre
939 2747 1125 2799 eiusque
1172 2746 1311 2786 illust.
1354 2745 1544 2795 coniuge
1587 2744 1728 2784 multa

90 2815 164 2856 hic
193 2815 327 2856 scribi
357 2817 555 2866 possent,
587 2814 665 2854 sed
694 2814 928 2854 breuitatis
967 2814 1111 2865 gratia
1153 2814 1394 2864 praetereo.
1446 2811 1541 2850 Hoc
1587 2821 1729 2849 unum

90 2881 258 2921 dixisse
287 2881 496 2927 sufficiat,
528 2880 686 2920 diuino
714 2879 856 2920 cultui
888 2882 1108 2930 utranque
1154 2889 1251 2918 esse
1293 2875 1647 2923 deuotissimam‚
1687 2876 1730 2914 et

91 2946 147 2986 ad
177 2946 415 2998 collegium
447 2946 531 2985 hoc
559 2947 763 2985 nostrum
793 2946 1023 2995 tantopere
1051 2943 1271 2990 affectam,
1294 2944 1343 2982 ut
1376 2952 1608 2992 nunquam
1638 2952 1730 2980 non

154 3090 173 3108 a
192 3081 325 3113 usdam
351 3090 479 3122 supra
502 3090 619 3117 vers.y
645 3080 755 3113 delet.
780 3080 933 3112 iustam.

166 3163 328 3192 ΜΝΞ-ΒΑΕ
350 3163 629 3198 Qmmmmns’mns.
651 3180 684 3183 —
704 3163 784 3191 Tou.
807 3162 875 3190 VII.
1627 3160 1659 3186 17
