2028 3531
343 298 413 335 614
818 298 1022 335 errmmss
1057 299 1400 343 Qumfflmmswnsss

297 416 527 467 gymnasia
552 415 835 455 multitudine
855 416 1173 467 discipulorum
1198 415 1325 455 facile
1346 417 1700 462 anteuertamus;
1733 415 1914 455 indolea

296 481 428 520 etiam
459 482 573 520 bona
603 483 708 520 sunt
738 481 940 532 praediti,
976 484 1018 521 vt
1048 482 1165 521 Deus
1197 480 1397 520 videatur
1425 481 1477 519 ad
1511 482 1705 520 nostram
1742 481 1915 521 institu-

295 545 458 585 tionem
490 557 564 585 eos
595 546 779 593 mittere,
802 546 879 598 qui
909 546 963 585 ad
983 546 1166 585 virtutes
1196 546 1435 596 literasque
1455 545 1748 596 capescendas
1768 545 1917 585 animo

297 610 502 661 propensi
547 613 666 658 sunt,
698 613 739 650 et
769 611 933 651 faciles,
969 612 1276 661 Praeceptores
1313 621 1490 661 quoque
1531 610 1685 650 sedulo
1714 622 1795 650 suo
1826 610 1918 649 fun-

295 677 461 726 guntur
489 675 649 721 officio,
682 688 769 727 quo
798 677 860 724 fit,
887 678 929 714 vt
960 676 1003 715 in
1024 675 1257 726 discipulis
1287 687 1375 714 non
1395 675 1554 726 exigua
1584 677 1626 715 et
1654 674 1918 714 eruditionis

295 742 337 779 et
367 739 579 780 virtutum
610 741 684 780 fiat
714 741 921 780 accessio.
948 741 1057 780 Dum
1090 740 1141 779 ad
1174 740 1495 779 confessionem
1519 740 1765 786 hortantur,
1797 739 1914 780 dictu

297 804 472 852 mirum,
504 817 637 856 quam
668 807 711 845 et
739 807 863 855 grato
899 805 941 844 id
973 805 1123 844 animo
1153 804 1388 855 accipiant,
1411 806 1451 843 et
1475 805 1643 855 absque
1675 804 1764 843 vlla
1795 816 1920 855 repu-

295 869 478 920 gnantia
511 872 798 921 exequantur.
833 870 946 910 Sunt
976 882 1064 909 non
1094 869 1222 920 pauci
1254 869 1323 920 (de
1351 869 1684 909 conuictoribus
1715 868 1827 908 nihil
1858 869 1916 908 lo-

295 946 421 985 quor,
453 934 529 986 qui
559 937 717 974 octauo
746 947 922 986 quoque
951 935 1021 974 die
1056 946 1190 986 prope
1221 935 1500 982 confitentur,
1533 934 1718 974 fratrum
1748 936 1917 974 nostro-

294 1011 391 1039 rum
422 1000 622 1051 exemplo
651 1000 861 1051 excitati),
884 1000 959 1051 qui
983 1012 1073 1039 non
1110 1000 1239 1039 modo
1260 999 1388 1039 statis
1409 999 1681 1050 temporibus
1703 1010 1787 1038 vna
1817 1011 1915 1039 cum

295 1064 465 1115 reliquo
494 1076 638 1115 grege,
672 1076 822 1104 verum
861 1065 992 1104 etiam
1024 1065 1202 1116 proprio
1232 1064 1370 1104 animi
1406 1064 1617 1115 impulsu,
1652 1063 1917 1115 virtutisque

294 1129 527 1177 desiderio,
560 1130 627 1169 vel
657 1131 816 1169 octauo
845 1142 1020 1181 quoque
1051 1130 1137 1177 die,
1172 1130 1238 1169 vel
1281 1129 1474 1180 singulis
1515 1129 1755 1180 quindenis
1783 1129 1916 1169 confi-

294 1195 455 1234 tentur.
489 1193 613 1234 Circa
642 1195 833 1235 natalem
878 1195 1053 1246 Dominj
1100 1195 1334 1234 audiendis
1382 1194 1700 1246 discipulorum
1750 1194 1917 1234 confes-

294 1258 499 1299 sionibus
542 1261 733 1310 quatuor
777 1260 886 1306 dies,
928 1272 1046 1300 nunc
1087 1260 1300 1311 quinque,
1332 1271 1451 1299 nunc
1480 1271 1572 1305 sex,
1604 1271 1723 1298 nunc
1751 1261 1916 1310 septem

294 1324 542 1364 sacerdotes
572 1324 897 1375 impenderunt.
931 1325 1013 1365 Sed
1044 1325 1097 1364 de
1131 1324 1297 1364 scholis
1327 1326 1366 1364 et
1398 1324 1632 1375 discipulis
1665 1324 1772 1363 haec
1801 1323 1916 1363 dicta

293 1389 530 1429 sufficiant.
564 1388 772 1440 Superest
801 1392 848 1429 vt
876 1390 977 1441 quis
1008 1390 1178 1430 fructus
1199 1389 1245 1429 in
1265 1389 1459 1429 externis
1479 1391 1521 1428 et
1540 1388 1611 1440 ijs,
1635 1389 1711 1440 qui
1742 1390 1917 1428 nostrae

293 1465 423 1493 curae
453 1454 678 1494 commissi
710 1467 799 1494 non
829 1457 949 1502 sunt,
978 1456 1120 1495 factus
1149 1455 1221 1502 sit,
1253 1454 1408 1506 paucis
1437 1455 1702 1505 aperiamus.

371 1519 410 1559 4.
443 1518 534 1559 Sub
578 1519 685 1559 haec
728 1520 839 1559 festa
882 1520 1101 1567 natalitia,
1151 1520 1330 1571 quidam
1380 1519 1681 1559 adolescentes
1728 1518 1915 1558 aliorum

293 1584 627 1635 gymnasiorum
666 1585 901 1636 confitendj
939 1585 1087 1624 studio
1134 1585 1191 1624 ad
1233 1596 1314 1624 nos
1343 1596 1390 1624 se
1433 1584 1730 1628 contulerunt,
1772 1585 1814 1623 et
1841 1583 1917 1622 do-

293 1648 385 1688 lent
416 1648 613 1700 plerique
647 1649 766 1701 quod
805 1649 907 1702 alijs
946 1661 1105 1689 nomen
1149 1650 1378 1698 dederunt,
1424 1661 1512 1699 quo
1555 1648 1669 1688 facto
1698 1660 1723 1687 a
1754 1648 1917 1687 nostris

292 1713 459 1753 scholis
489 1714 793 1764 prohibentur.
828 1715 1048 1754 Praeteria
1080 1714 1173 1766 [sic]
1205 1716 1309 1754 sunt
1340 1714 1466 1766 multj
1500 1714 1558 1765 pij
1591 1713 1808 1760 homines,
1840 1712 1916 1764 qui

292 1778 541 1818 sabbatinis
584 1779 741 1819 diebus
784 1780 1049 1820 confitentur
1093 1780 1143 1819 R.
1191 1779 1236 1820 P.
1280 1779 1508 1818 Leonardo
1551 1778 1596 1817 in
1640 1789 1764 1817 sacra
1811 1776 1916 1817 aede

292 1842 335 1884 S.
368 1844 569 1884 Vrsulae.
602 1844 787 1884 Vicinus
816 1847 979 1893 noster,
1012 1845 1227 1885 honestus
1256 1844 1325 1884 vir
1353 1846 1396 1883 et
1424 1846 1565 1883 aetate
1586 1843 1914 1894 ingrauescens,

292 1908 405 1948 ciuis
434 1909 719 1957 coloniensis,
752 1922 911 1961 magna
942 1909 1173 1949 Societatis
1203 1909 1413 1960 opinione
1447 1909 1622 1955 ductus,
1658 1908 1770 1947 duos
1800 1907 1917 1947 filios

292 1973 500 2014 Societati
521 1975 697 2021 obtulit,
720 1987 832 2026 quos
853 1975 1027 2014 interim
1051 1975 1096 2014 in
1117 1975 1304 2025 collegio
1334 1974 1428 2014 alit.
1462 1974 1584 2013 Alter
1613 1984 1756 2012 annos
1784 1974 1916 2012 natus

293 2039 357 2087 13,
389 2039 500 2078 alter
533 2051 632 2078 vero
664 2040 734 2087 153
769 2039 943 2091 iamque
973 2040 1103 2079 ambo
1134 2039 1179 2078 in
1208 2040 1350 2079 classe
1372 2039 1555 2090 poetica,
1588 2038 1684 2078 siue
1713 2037 1917 2077 humani-

291 2103 410 2151 tatis,
444 2106 690 2145 versantur.
725 2105 944 2144 Proximis
973 2105 999 2144 4
1028 2104 1295 2144 ieiuniorum
1332 2104 1605 2155 temporibus
1635 2102 1653 2129 b
1674 2103 1730 2142 ab
1759 2102 1856 2142 R.¹¹¹i
1901 2110 1916 2128 ⁰

291 2169 612 2220 archiepiscopi
644 2170 782 2221 nostrj
814 2170 992 2221 officialj
1025 2172 1037 2194 1
1068 2182 1326 2209 concessum
1363 2171 1430 2209 est
1460 2171 1504 2208 vt
1534 2169 1672 2220 nostrj
1709 2169 1916 2219 deinceps

291 2233 524 2273 Societatis
553 2234 683 2274 titulo
713 2235 767 2274 ad
798 2247 946 2274 sacros
981 2235 1160 2275 ordines
1196 2236 1574 2285 promouerentur,
1607 2246 1656 2273 ac
1686 2234 1915 2285 religionis

291 2299 470 2338 nomine
499 2299 802 2339 admittantur.
837 2300 978 2340 lll.¹¹¹¹¹-‘³
1008 2299 1097 2339 dux
1119 2299 1496 2339 brunswichensis
1523 2299 1676 2338 Ericus
1698 2299 1743 2338 in
1766 2311 1915 2338 mense

291 2363 468 2416 Octobrj
499 2366 731 2413 oratorem,
775 2365 918 2405 virum
948 2367 990 2404 et
1021 2365 1294 2415 prudentem,
1326 2366 1369 2404 et
1398 2365 1630 2416 utriusque
1669 2364 1779 2404 iuris
1818 2364 1916 2403 doc—

290 2430 428 2468 torem
458 2430 489 2477 2,
521 2429 575 2468 ad
607 2430 916 2470 Reuerendiss.
956 2429 1336 2480 archiepiscopum
1376 2432 1575 2469 nostrum
1616 2429 1914 2469 coloniensem

290 2494 564 2541 amandauit‚
595 2494 875 2534 vehementer
894 2497 1102 2545 expetens
1123 2507 1145 2533 a
1169 2507 1248 2534 sua
1270 2494 1533 2534 celsitudine
1554 2494 1746 2545 aliquem
1770 2505 1914 2544 praes-

290 2559 455 2597 tantem
495 2559 696 2598 doctrina
734 2559 894 2605 virum,
940 2561 1015 2598 aut
1058 2559 1189 2598 etiam
1235 2559 1397 2610 plures,
1430 2558 1467 2598 si
1498 2559 1692 2606 haberet,
1725 2570 1913 2609 quorum

290 2634 422 2674 opera
452 2625 646 2663 vteretur
675 2624 721 2663 in
751 2624 956 2675 erigenda
988 2625 1072 2663 fide
1101 2624 1333 2671 catholica,
1374 2636 1507 2675 quam
1546 2623 1663 2674 apud
1693 2635 1741 2663 se
1769 2623 1914 2675 graui-

290 2689 355 2727 ter
398 2688 662 2728 declinatam
705 2689 1004 2739 conqueritur.
1052 2689 1304 2729 Reuerdiss.
1351 2689 1500 2740 itaque
1555 2688 1914 2739 archiepiscopus

348 2819 366 2838 a
389 2811 470 2844 Del.
485 2812 576 2852 tum,
602 2830 640 2834 —
661 2811 680 2837 b
705 2811 933 2852 temporibus
957 2820 1083 2852 supra
1106 2821 1220 2847 vers..
1246 2812 1365 2844 deleto
1388 2812 1532 2844 diebus.
1556 2830 1596 2833 —
1620 2820 1635 2838 c
1666 2811 1752 2843 R.mi
1788 2819 1913 2852 supra

289 2873 405 2900 vers..
431 2864 504 2897 del.
529 2864 669 2906 eximij.

354 2967 363 2984 ¹
387 2964 540 2997 Ioannis
564 2964 746 3003 Gebhard,
772 2965 996 2996 coloniensis
1019 2964 1301 3006 archiepiscopi,
1334 2965 1501 2997 officialis
1524 2966 1603 2997 erat
1626 2965 1783 2997 Ioannes
1808 2964 1911 2996 Kem-

290 3018 359 3059 pis.
384 3017 546 3057 HANan,
572 3018 596 3050 l.
622 3027 653 3050 c.
684 3018 758 3050 397.

350 3072 363 3089 ²
386 3070 444 3102 Dr.
471 3070 672 3103 Mauricius
696 3070 966 3103 Winkelmann.
992 3070 1154 3110 HANsEN,
1181 3071 1203 3103 l.
1230 3080 1260 3103 c.
1285 3072 1356 3108 409,
1382 3080 1469 3103 ann.
1496 3072 1524 3103 1.
