2028 3531
501 278 580 314 613.
608 299 655 304 —
681 278 965 315 VALLISOLETO
991 278 1013 312 6
1039 276 1233 314 IANUARII
1261 276 1353 312 1560]
1640 275 1708 311 709

120 401 254 448 quam
284 408 363 448 pro
392 396 580 448 collegio
612 397 879 448 placentino,
913 397 984 437 hic
1015 396 1295 448 persequitur
1325 396 1454 434 Pater
1483 394 1751 442 Gutterrius,

119 463 238 515 quod
267 475 360 503 non
388 474 545 514 parum
577 463 622 502 in
652 463 992 503 admirationem
1038 474 1215 502 mouere
1250 462 1393 509 debet,
1427 460 1684 512 praesertim
1716 459 1753 499 si

119 530 322 569 naturam
354 530 486 580 atque
515 528 816 568 conditionem
846 536 864 554 a
885 527 1194 580 hujuscemodi
1238 526 1519 578 negotiorum
1562 527 1755 564 contem-

119 594 306 645 plemur.
338 593 634 634 Uehementer
663 596 811 633 tamen
841 594 1045 645 suspicor
1083 594 1215 633 hasce
1257 592 1412 643 spinas
1456 593 1549 631 tum
1593 602 1754 630 causae

118 661 297 699 nostrae
326 659 536 710 equitate,
560 660 654 698 tum
686 659 902 698 modestia
942 659 1101 707 Patris,
1125 671 1238 709 quae
1277 657 1468 696 maxima
1504 658 1587 701 est,
1610 656 1754 695 cultas

119 726 252 776 atque
298 724 564 771 elaboratas,
596 724 728 764 talem
778 724 968 764 fructum
1020 725 1130 763 ferre
1178 723 1390 774 potuisse.
1429 722 1612 761 Praeses
1660 721 1755 771 ipse

119 789 237 841 apud
280 801 412 841 quem
456 801 526 829 res
568 789 730 840 agitur,
763 801 862 829 cum
906 790 1254 829 subodoraretur
1297 789 1472 827 Patrem
1504 787 1644 826 multa
1673 797 1756 826 sua

118 854 514 906 circunspectione,
547 866 598 894 ac
628 854 842 893 modestia
876 855 1067 905 (qualem
1101 854 1146 893 in
1178 854 1299 893 hisce
1322 854 1453 892 rebus
1475 852 1521 891 in
1544 851 1754 903 religioso

121 919 218 960 uiro
247 931 343 960 esse
372 920 578 971 oportet),
613 920 858 971 praepediri
881 932 935 959 ne
957 922 1047 959 tam
1068 919 1240 959 solicite
1261 931 1352 959 rem
1374 920 1564 969 urgeret,
1588 919 1637 957 ut
1657 917 1755 968 ipsa

119 985 389 1037 postulabat,
422 985 535 1025 dixit
581 997 629 1025 se
675 985 907 1024 ostendere
956 996 1099 1036 posse,
1132 997 1275 1036 neque
1311 984 1355 1024 id
1390 983 1626 1033 laboriose,
1659 982 1755 1022 iure

118 1050 291 1098 diuino,
323 1050 534 1098 naturali,
567 1053 609 1090 et
638 1051 852 1096 humano,
886 1053 971 1090 tam
1009 1050 1149 1097 ciuili,
1181 1062 1314 1101 quam
1359 1048 1589 1096 canonico,
1622 1059 1668 1088 se
1697 1049 1755 1087 te-

117 1116 214 1156 neri
243 1116 300 1156 ad
329 1116 453 1156 illius
483 1118 573 1156 tam
605 1117 703 1167 piae
733 1128 783 1155 ac
809 1116 956 1167 justae
977 1128 1137 1156 causae
1168 1115 1539 1167 prosecutionem.
1564 1113 1756 1153 Auditor

117 1182 302 1234 quidam
330 1182 622 1222 cancellariae
652 1183 799 1234 aJebat
829 1194 875 1221 se
905 1182 1015 1221 satis
1047 1182 1197 1221 mirari
1229 1194 1317 1221 non
1350 1192 1478 1232 posse
1507 1192 1560 1219 ex
1590 1191 1635 1219 re
1665 1181 1755 1219 tam

117 1248 299 1289 inimica
329 1249 463 1300 atque
491 1248 680 1288 aduersa
712 1248 824 1298 paci,
858 1250 1027 1286 tantam
1058 1247 1309 1287 animorum
1341 1246 1624 1286 concordiam
1654 1257 1754 1285 cum

118 1313 335 1354 Societate
378 1315 532 1353 nostra
578 1325 675 1353 esse
724 1313 898 1353 factam.
932 1313 1014 1352 Hic
1056 1315 1294 1363 antequam
1335 1312 1392 1352 lis
1421 1312 1530 1351 haec
1560 1311 1674 1362 apud
1708 1322 1755 1350 se

118 1379 343 1430 penderet,
375 1379 572 1419 alienum
603 1379 796 1418 habebat
825 1391 846 1417 a
880 1378 1113 1418 Societatis
1156 1380 1334 1417 nostrae
1374 1378 1506 1417 rebus
1535 1376 1752 1419 animum.

119 1446 212 1485 tum
241 1444 363 1496 quia,
395 1446 445 1484 ut
473 1444 568 1496 ipse
598 1444 746 1484 fassus
776 1443 793 1469 ¹³
814 1446 894 1491 est,
928 1445 1060 1484 rebus
1105 1444 1236 1483 nouis
1279 1455 1510 1494 nunquam
1554 1442 1753 1481 animum

117 1510 293 1562 adjecit,
325 1512 417 1550 tum
450 1510 582 1550 etiam
613 1510 719 1561 quia
749 1522 849 1549 cum
880 1510 937 1561 ijs
967 1510 1123 1549 foedus
1158 1509 1330 1558 inierat,
1363 1508 1440 1560 qui
1486 1520 1533 1547 se
1576 1509 1755 1546 nostros

117 1575 269 1616 hostes
297 1576 604 1624 declararunt;
633 1576 725 1627 jam
758 1587 863 1615 uero
893 1575 1002 1615 satis
1029 1575 1115 1615 sibi
1136 1575 1258 1614 cordi
1288 1586 1385 1614 esse
1406 1573 1634 1614 Sotietatis
1654 1584 1756 1612 nos-

117 1642 210 1681 trae
238 1640 642 1689 conuersationem,
673 1642 770 1680 tum
801 1641 966 1685 uerbis,
997 1643 1092 1680 tum
1135 1652 1266 1691 opere
1301 1640 1398 1690 ipso
1428 1638 1752 1690 comprohauit.

117 1705 181 1746 Ex
209 1706 293 1746 hac
323 1708 446 1758 parte
488 1706 622 1746 etiam
666 1718 821 1745 ansam
866 1708 1077 1757 putamus
1119 1718 1215 1745 esse
1245 1706 1393 1744 datam
1425 1704 1496 1744 his
1526 1703 1752 1751 omnibus,

116 1771 194 1823 qui
224 1771 271 1811 in
300 1771 449 1812 causis
479 1771 665 1823 agendis
695 1783 742 1811 se
771 1771 1037 1817 immiscent,
1072 1773 1118 1811 ut
1151 1772 1327 1821 peccata
1356 1781 1438 1809 sua
1480 1768 1648 1809 nostris
1678 1780 1755 1819 pa-

116 1837 262 1877 tribus
290 1837 601 1885 confiteantur,
634 1837 826 1889 alijsque
856 1837 910 1876 de
941 1837 1072 1877 rebus
1102 1839 1251 1887 agant,
1275 1848 1389 1887 quae
1419 1835 1474 1875 ad
1506 1834 1668 1874 mentis
1688 1846 1755 1874 sa-

116 1902 254 1942 lutem
284 1904 512 1954 spectant;
550 1914 631 1943 nec
659 1903 813 1954 opinio
844 1905 996 1942 nostra
1034 1914 1116 1942 nos
1146 1902 1316 1950 fefellit,
1353 1902 1446 1953 jain
1493 1900 1611 1940 enim
1642 1911 1754 1939 non-

117 1968 232 2008 nulli
263 1970 502 2019 praetores,
535 1970 667 2020 atque
696 1970 786 2008 tres
820 1968 1111 2008 cancellariae
1142 1968 1287 2019 regiae
1317 1968 1558 2014 auditoreS,
1590 1965 1677 2005 sibi
1708 1965 1755 2005 in

116 2033 415 2074 confessarios
446 2034 600 2073 Patres
630 2036 808 2074 nostros
838 2033 1106 2085 adjungunt,
1139 2034 1194 2073 ad
1224 2045 1414 2084 quorum
1459 2032 1754 2072 imitationem

117 2098 234 2138 idem
263 2098 448 2139 omnino
479 2099 715 2150 perficiunt
749 2101 837 2139 tres
873 2104 1004 2150 (quos
1039 2101 1218 2148 uocant)
1249 2098 1475 2144 relatores,
1507 2109 1561 2137 ex
1590 2097 1756 2148 quibus

116 2165 209 2204 tota
252 2164 536 2216 negotiorum
580 2164 747 2204 ueritas
792 2165 966 2216 pendet.
1002 2165 1057 2204 Hi
1089 2176 1289 2203 normam
1335 2176 1432 2203 eam
1463 2165 1505 2202 et
1535 2162 1752 2213 regulam,

117 2229 173 2269 ad
202 2241 336 2281 quam
367 2229 511 2270 officia
541 2242 623 2270 sua
654 2242 854 2270 exercere
884 2230 1060 2279 debent,
1094 2230 1213 2269 Patri
1258 2229 1484 2269 Gutterrio
1527 2228 1755 2279 explican-

116 2295 218 2335 dam
248 2295 464 2343 obtulere,
497 2298 547 2335 ut
576 2296 648 2336 uel
678 2296 742 2335 sic
772 2296 937 2336 rectius
967 2296 1166 2335 confiteri
1201 2297 1375 2346 peccata
1405 2296 1611 2346 possent:
1635 2293 1754 2344 quod

116 2362 159 2400 et
188 2361 357 2402 factum
386 2363 466 2410 est,
499 2362 702 2402 deductis
732 2361 836 2401 inde
865 2362 1132 2413 quibusdam
1166 2360 1483 2412 positionibus,
1515 2371 1629 2411 quae
1659 2359 1756 2410 plu-

115 2425 279 2466 rimum
299 2427 588 2475 confessario,
611 2429 654 2467 et
675 2427 786 2479 ipsis
807 2427 1006 2467 conferre
1029 2429 1229 2478 possunt.
1254 2425 1441 2465 Plurimi
1463 2425 1596 2465 etiam
1619 2426 1757 2465 aduo-

116 2491 219 2540 cati,
251 2492 481 2541 causidici,
514 2495 556 2532 et
595 2493 712 2545 juris
756 2493 900 2544 periti,
933 2493 1022 2532 duo
1067 2493 1249 2543 insuper
1278 2504 1302 2530 a
1333 2491 1514 2531 secretis
1543 2490 1646 2538 uiri,
1678 2502 1756 2542 per

116 2557 443 2598 confessionem
475 2560 652 2609 peccata
683 2558 1022 2606 reuelauerunt3
1057 2558 1242 2597 istarum
1278 2556 1612 2596 confessionum
1643 2556 1754 2596 mul-

116 2623 187 2662 tae
216 2623 446 2674 generales
477 2624 613 2664 fuere.

195 2688 235 2730 4.
268 2688 410 2729 Penes
438 2691 617 2729 nostros
645 2692 712 2730 est
741 2689 873 2729 etiam
902 2690 993 2741 jam
1016 2702 1123 2729 cura
1143 2689 1400 2735 comitandi,
1432 2687 1756 2728 consolationis

117 2755 159 2793 et
188 2753 517 2794 adhortationis
546 2767 697 2802 causa,
729 2767 805 2795 eos
835 2755 911 2806 qui
944 2755 989 2794 in
1020 2767 1194 2795 crucem
1221 2757 1325 2794 sunt
1357 2753 1581 2805 adige-ndi.
1615 2753 1754 2793 Audi-

116 2820 186 2858 tor
215 2821 439 2870 praeterea
471 2820 616 2871 regiae
646 2820 953 2867 cancellariae,
987 2821 1057 2860 uir
1086 2821 1201 2860 inter
1244 2820 1357 2859 alios
1401 2830 1602 2859 summae
1631 2821 1755 2859 auto-

116 2884 277 2933 ritatis,
310 2896 386 2936 per
415 2886 588 2937 aliquot
616 2885 712 2925 dies
742 2886 843 2926 uale
873 2887 1067 2938 negotiJ's
1097 2886 1307 2925 omnibus
1332 2885 1499 2929 dicens,
1522 2896 1623 2924 cum
1654 2885 1751 2925 Pre.

177 3088 197 3108 a
216 3081 354 3114 natura
375 3082 489 3124 atque
511 3081 677 3114 conditio
700 3091 772 3115 ms.
796 3100 836 3105 —
856 3082 875 3108 b
898 3081 1003 3115 fasus
1025 3081 1073 3115 A.
