2028 3531
330 302 400 338 582
808 301 1011 338 LITTERAE
1045 301 1389 345 anmmssrmzs

285 421 410 461 Multi
440 422 554 461 certe
584 421 631 460 in
661 421 825 472 populo
854 420 909 459 ad
941 419 1121 459 meliora
1151 418 1364 470 aspirant.
1406 417 1522 458 Oues
1551 417 1714 458 Christi
1745 417 1790 457 in
1820 418 1903 457 fide

285 488 458 537 patrum
490 497 671 525 suorum
702 487 742 525 et
774 485 910 525 totius
939 484 1148 524 ecclesiae
1177 484 1421 523 confirmat.
1469 482 1686 522 Haeretici
1717 482 1821 522 dum
1851 482 1904 522 de

283 550 476 602 singulis
522 551 653 590 rebus
700 550 913 589 rationem
961 550 1158 599 exigunt,
1195 548 1499 594 destruuntur,
1531 547 1620 586 imo
1648 547 1903 587 conuersari

285 615 515 655 nobiscum
546 615 832 655 delectantur.
867 614 1095 665 Hospitale
1116 613 1251 653 semel
1272 614 1404 663 atque
1425 612 1581 652 iterum
1601 611 1901 659 uisitauimus,

283 680 359 720 sed
390 680 517 731 pauci
547 682 585 720 et
618 679 764 731 Sclauj
798 679 958 718 ibidem
990 680 1108 718 sunt.
1142 677 1345 718 Carceres
1391 688 1635 728 nunquam,
1684 676 1789 728 quia
1837 676 1904 716 vel

284 745 451 793 nullus,
484 745 551 784 vel
581 744 750 795 linguis
788 744 979 783 diuersis
1027 743 1087 782 ibi
1137 742 1404 782 detinentur.
1455 741 1655 782 Confessi
1703 743 1808 780 sunt
1839 742 1902 788 13,

284 810 432 860 plures
462 809 650 849 fuissent
679 809 716 848 si
749 808 885 859 varijS
915 808 1083 859 linguis
1113 808 1412 858 loquerentur.
1446 806 1507 846 Ex
1532 806 1757 845 canonicis
1777 808 1817 845 et
1838 817 1905 845 sa-

282 874 535 914 cerdotibus
564 873 786 920 nonnulli,
819 872 894 923 qui
925 873 1057 912 etiam
1088 874 1339 911 nostrorum
1370 871 1571 922 exemplo
1600 871 1655 910 ad
1682 882 1770 910 rem
1793 870 1906 910 diui-

283 950 386 978 nam
415 938 690 990 frequentius
720 937 966 976 faciendam
995 939 1037 976 et
1066 936 1228 976 rectius
1277 936 1569 987 peragendam
1617 935 1663 974 in
1697 935 1906 974 omnibus

283 1004 564 1044 vehementer
591 1004 853 1043 excitantur.
888 1002 986 1042 Itali
1018 1002 1141 1042 breui
1163 1002 1218 1041 ad
1239 1001 1562 1041 confessionem
1585 1000 1773 1048 venturi,
1793 1000 1906 1039 inter

281 1079 394 1120 quos
422 1068 603 1119 quidam
635 1067 858 1107 infernum
906 1078 994 1106 non
1029 1066 1230 1114 credidit,
1262 1068 1305 1105 et
1334 1065 1432 1105 ideo
1462 1077 1486 1104 a
1517 1065 1607 1104 Deo
1636 1065 1841 1104 homines
1869 1072 1887 1090 ἃ

282 1133 421 1173 factos
467 1132 594 1180 dixit,
645 1132 750 1184 quia
797 1143 930 1182 opera
960 1131 1138 1171 illorum
1170 1130 1380 1181 indigerit
1410 1129 1520 1182 [sic].
1555 1130 1729 1169 Habent
1757 1131 1800 1168 et
1828 1129 1903 1181 alij

282 1198 418 1238 huius
446 1197 658 1248 temporis
687 1208 870 1236 errores.
903 1196 1089 1236 Scbolae
1118 1195 1304 1235 necdum
1336 1195 1535 1246 inceptae
1564 1197 1683 1234 sunt.
1726 1194 1904 1233 Interim

281 1265 429 1302 tamen
458 1261 715 1302 Anthonius
746 1261 933 1300 Flander
962 1262 974 1285 ¹
1007 1260 1288 1300 Rhetoricam
1318 1260 1373 1299 ad
1397 1259 1669 1299 Herennium
1690 1270 1789 1298 cum
1811 1270 1907 1298 ora-

281 1327 480 1367 tionibus
509 1326 733 1367 Ciceronis
762 1325 906 1376 coepit
934 1325 1129 1376 profiteri
1178 1336 1337 1375 magno
1380 1336 1479 1364 cum
1509 1323 1742 1363 desiderio.
1773 1322 1907 1363 Scho-

281 1391 425 1431 lastici
455 1390 589 1431 simul
619 1402 669 1430 ac
697 1390 818 1430 ciues
849 1392 1101 1429 nostrorum
1131 1390 1372 1428 aduentum
1404 1389 1634 1428 nobiscum
1657 1389 1902 1439 expectant,

281 1456 357 1507 qui
388 1468 538 1496 mense
567 1455 770 1506 sequenti
800 1455 925 1502 forte,
957 1455 1048 1494 Deo
1078 1455 1269 1501 fauente,
1301 1454 1503 1501 aderunt,
1554 1453 1626 1492 vbi
1666 1453 1793 1503 plura
1824 1452 1906 1492 Do-

282 1521 446 1568 minus,
479 1522 525 1560 vt
553 1531 696 1571 spero,
733 1519 964 1559 scribenda
1011 1521 1231 1570 suggeret.
1263 1518 1300 1557 si
1331 1520 1478 1558 tamen
1508 1518 1559 1557 R.
1594 1518 1640 1557 P.
1673 1517 1721 1556 T.
1753 1519 1795 1556 et
1826 1528 1904 1568 pro

282 1585 481 1637 indignis
510 1585 616 1637 filijs
646 1585 740 1625 suis
770 1596 820 1624 ac
849 1584 1023 1635 collegij
1074 1583 1209 1623 huius
1257 1583 1402 1623 foelici
1446 1594 1653 1622 successu
1683 1594 1783 1621 cum
1814 1581 1906 1624 vni—

282 1650 424 1691 uersis
455 1649 663 1689 Patribus
691 1661 742 1689 ac
772 1648 1001 1688 Fratribus
1030 1659 1308 1687 communem
1349 1647 1579 1686 Parentem
1627 1646 1805 1686 assidue
1833 1646 1905 1686 de-

282 1717 458 1767 precata
488 1714 633 1755 fuerit.

388 1780 510 1820 Vale.
544 1779 797 1830 Tyrnauiae
825 1790 878 1818 ex
907 1777 1094 1829 collegio
1132 1777 1499 1828 archiepiscopali
1547 1776 1688 1828 pridie
1733 1775 1902 1815 calend.

283 1844 486 1886 Octobris
517 1845 632 1885 1561.

1036 2042 1149 2093 585

651 2186 704 2236 1³.
763 2184 1149 2235 GULIELMUS
1206 2183 1518 2234 ELDEREN

790 2332 979 2359 AUGUSTA
1006 2331 1230 2358 SEPTEMBRI
1261 2321 1347 2357 1561
1374 2320 1399 2357 ².

278 2445 331 2484 P.
368 2443 579 2483 &anisius
609 2455 707 2482 cum
755 2442 971 2492 epistulae
1010 2442 1187 2479 auctore
1225 2442 1264 2479 et
1302 2442 1355 2479 P.
1398 2440 1605 2478 Hurtado
1644 2439 1780 2477 Perea
1817 2439 1905 2477 Au-

382 2509 540 2559 gustae
569 2508 822 2547 versantur.
841 2507 895 2544 P.
932 2505 1156 2555 Crinisum,
1174 2506 1328 2544 comite
1351 2506 1402 2544 P.
1436 2505 1634 2554 Lanoyo,
1654 2504 1903 2551 Austriam,

384 2573 659 2618 Bohemiffln,
682 2572 930 2610 Bavariam
955 2571 1231 2620 peragravit,
1266 2570 1497 2608 Societatis
1519 2569 1703 2618 collegia
1733 2569 1902 2616 invisit,

383 2650 484 2677 cum
498 2636 787 2676 Ferdinando
808 2635 994 2674 Caesare
1016 2635 1065 2673 de
1085 2634 1298 2683 gravibus
1317 2634 1445 2673 rebus
1462 2634 1563 2683 egit.
1583 2632 1904 2671 Ferdinandus

337 2792 356 2811 a
380 2783 463 2816 Del.
488 2792 582 2815 esse.

342 2919 353 2937 ¹
378 2918 470 2950 Vide
492 2917 588 2951 Lm.
617 2916 823 2957 Quadrim.
848 2915 908 2955 VI,
932 2916 1004 2954 608,
1030 2916 1145 2947 annot
1170 2916 1198 2947 1.

340 2973 352 2990 ⁵³
375 2971 531 3012 Autogr.
557 2971 595 3002 in
619 2970 697 3002 cod.
726 2969 853 3001 Germ.
879 2968 964 3006 139,
987 2967 1023 3000 ff.
1058 2969 1172 3003 98-99:
1199 2969 1303 3009 prius
1328 2968 1459 2999 130-131
1495 2967 1672 3008 (118-119).
1708 2966 1816 2998 Edita
1847 2967 1903 2997 est

277 3024 351 3056 fere
374 3024 519 3065 integra
542 3033 563 3056 a
586 3023 623 3056 P.
649 3022 925 3063 Braunsberger
948 3022 986 3053 in
1020 3021 1063 3054 B.
1090 3021 1198 3052 Petri
1225 3020 1382 3053 Canisii
1404 3020 1609 3062 Epistulae
1643 3021 1678 3052 et
1701 3019 1810 3055 Acta,
1839 3018 1901 3057 ΙΙΙ,

276 3077 403 3109 597-99.
427 3076 512 3108 Ideo
535 3076 618 3108 eius
642 3077 789 3108 tantum
813 3083 994 3106 summam
1018 3073 1078 3106 hic
1102 3073 1333 3106 exhibemus.
