2028 3531
341 293 411 327 GM
819 291 1019 328 [Arrenii]
1047 294 1391 337 QUADmMESTRES

1051 499 1163 545 608

649 639 702 688 Ρ.
753 637 1092 687 HENRICUS
1148 636 1546 686 BLYSSEMIUS

816 784 951 809 PRAGA
985 774 1007 808 2
1035 783 1223 809 IANUARII
1259 773 1350 809 1562
1377 773 1399 809 ¹.

295 899 333 933 1.
364 894 599 934 Soclalium
642 906 874 933 numerus
924 894 1009 932 Pia
1040 894 1157 931 inter
1199 905 1291 932 sese
1336 893 1578 932 aemulatio
1600 892 1650 930 cle
1679 891 1917 929 Exercitiis

403 959 446 998 S.
476 960 529 998 P.
562 961 736 1009 Ignatii
761 959 1040 1008 perayenclae's,
1068 971 1144 997 nec
1174 960 1324 997 minor
1353 958 1403 997 de
1429 957 1632 1007 precibus
1661 956 1918 1006 asperisque

397 1025 686 1074 paenitentiis
715 1023 1073 1073 multiplicandis
1096 1036 1181 1073 pro
1211 1024 1429 1061 Ecclesiae
1458 1021 1806 1061 necessitatibus.
1829 1020 1917 1058 Pa-

404 1090 487 1127 tris
516 1090 691 1140 ,Lanoyi
729 1089 978 1138 exemplum
1008 1089 1047 1126 et
1077 1089 1409 1127 adhortationes
1437 1089 1655 1137 fervorem
1677 1085 1915 1125 auxerunt.

403 1156 601 1193 Moritur
630 1156 681 1193 P.
713 1155 860 1192 Lucas
890 1154 1088 1192 Molitor.
1113 1176 1162 1180 —
1193 1157 1234 1192 2.
1264 1154 1316 1192 P.
1337 1153 1516 1192 Paulus
1546 1152 1755 1200 Hoffaeus
1791 1151 1918 1189 Vien—

401 1231 507 1258 nam
538 1220 680 1258 rector
701 1220 960 1268 designatus
988 1219 1301 1268 proficiscitur.
1322 1240 1370 1244 —
1394 1222 1435 1256 3.
1462 1218 1616 1256 Trium
1637 1217 1916 1255 noviciorum

404 1283 538 1322 dotes.
573 1306 620 1310 —
648 1288 692 1322 4.
724 1282 886 1322 Studia
931 1284 1157 1322 litteraria
1186 1285 1314 1321 novis
1345 1282 1604 1322 lectionibus
1641 1282 1680 1319 et
1709 1281 1920 1319 exercita-

404 1349 599 1388 tionibus
643 1350 787 1388 aucta.
820 1349 1073 1398 Ampliores
1114 1349 1242 1387 aeoles
1271 1361 1350 1397 pro
1388 1360 1577 1386 numero
1616 1346 1920 1385 convictorum

402 1414 731 1453 desiderantur.
755 1436 804 1440 —
835 1418 876 1452 5.
903 1414 1130 1463 Templum
1151 1415 1359 1452 nostrum
1377 1425 1403 1451 a
1419 1414 1458 1451 ci
1466 1412 1588 1451 vibus
1608 1411 1920 1461 frequentatur

403 1480 442 1517 et
472 1479 743 1529 supellectile
781 1479 988 1524 ornatur,
1015 1479 1286 1528 praesertim
1318 1490 1343 1516 a
1373 1478 1556 1516 (lomina
1588 1477 1811 1525 Fugyera,
1845 1486 1921 1513 au-

402 1546 613 1594 9ustana.
646 1545 799 1583 Novus
829 1544 1080 1583 catechismi
1126 1544 1332 1582 tradendi
1363 1543 1520 1582 modus
1559 1541 1789 1580 audientes
1818 1539 1920 1578 alli-

404 1611 475 1648 cit.
499 1632 548 1636 —
579 1613 620 1648 6.
655 1610 889 1649 Contiones
918 1610 958 1647 et
987 1609 1162 1647 crebrae
1190 1610 1230 1647 et
1258 1609 1427 1659 gratae,
1460 1609 1594 1646 etiam
1638 1606 1814 1653 aulicis,
1844 1605 1920 1643 ha-

405 1675 586 1714 bentur.-
628 1687 711 1725 quo
754 1676 918 1725 fructu.
965 1675 1070 1713 Alia
1099 1687 1206 1724 crya
1231 1676 1465 1724 proximos
1499 1673 1766 1712 ininisteria.
1799 1693 1845 1697 —-
1879 1674 1919 1708 7.

410 1741 527 1787 Quae
569 1742 722 1779 omnia
765 1742 964 1778 vicissim
1008 1741 1126 1778 Deus
1174 1740 1470 1789 imperatoris,
1497 1739 1770 1788 principum,
1811 1736 1921 1774 alio-

404 1818 593 1855 rumque
619 1807 874 1856 primorum
905 1805 1204 1844 benevolentia
1233 1804 1567 1843 remuneratur.

382 1930 417 1969 1.
449 1930 478 1980 -1-
507 1929 598 1968 Pax
628 1928 806 1968 Christi.
840 1927 935 1968 Rfle
966 1929 1094 1967 Pater
1124 1928 1170 1966 in
1200 1927 1389 1967 Christo.
1424 1926 1672 1978 [Epistulae
1701 1923 1840 1975 orda]
1872 1923 1922 1962 In

301 1995 383 2034 hoc
413 1994 549 2045 igitur
590 1993 777 2044 collegio
821 1993 983 2044 uiginti
1027 1994 1232 2044 quatuor,
1266 1992 1396 2031 modo
1433 2002 1639 2042 prospera
1671 1990 1786 2041 (laus
1815 1989 1920 2039 Deo)

302 2058 557 2099 ualetudine
600 2058 809 2105 fruentes,
844 2069 1086 2097 uersamur.
1120 2057 1281 2096 Verum
1325 2069 1347 2095 e
1382 2055 1700 2104 sacerdotibus,
1732 2053 1809 2105 qui
1852 2065 1923 2093 su-

301 2136 400 2164 mus
429 2125 634 2175 quatuor,
659 2135 775 2162 unus
805 2134 893 2161 non
924 2123 984 2161 ita
1014 2122 1198 2169 dudum,
1222 2133 1383 2172 magna
1403 2121 1665 2160 deuotorum
1691 2118 1919 2158 hominum

302 2188 563 2240 frequentia,
586 2199 691 2227 suas
716 2188 806 2227 Deo
830 2187 1047 2238 primitias
1069 2186 1138 2237 pie
1159 2185 1436 2225 consecrauit
1455 2186 1484 2226 2.
1506 2185 1538 2224 E
1559 2184 1770 2223 fratribus
1791 2182 1922 2222 etiam

302 2253 507 2293 nonnulli
538 2253 793 2304 spirituales
822 2251 1054 2292 Societatis
1086 2251 1394 2290 meditationes
1424 2261 1565 2300 nuper
1609 2248 1760 2288 multis
1790 2247 1924 2299 preci-

302 2320 385 2359 bus
414 2319 618 2358 obtentas
648 2318 875 2365 foeliciter,
908 2329 957 2356 ac
987 2319 1109 2356 tanto
1145 2316 1304 2363 fructu,
1337 2317 1503 2367 quanta
1546 2326 1727 2354 suarum
1756 2313 1924 2353 anima-

302 2395 399 2423 rum
429 2383 748 2430 consolatione,
780 2382 1069 2433 perfecerunt.
1095 2381 1208 2420 Hinc
1237 2383 1278 2420 et
1308 2380 1383 2432 alij
1416 2380 1614 2430 plerique
1643 2380 1821 2430 gustare
1849 2389 1922 2417 cu-

365 2539 373 2555 ¹
398 2537 450 2568 Ex
473 2535 686 2577 apographo
709 2543 844 2567 coaevo
868 2534 1019 2565 Romam
1044 2534 1168 2571 misso,
1195 2533 1232 2564 in
1256 2533 1334 2565 cod.
1363 2532 1491 2564 Germ.
1506 2532 1589 2565 139.
1615 2531 1651 2563 ff.
1675 2530 1794 2567 53-54;
1820 2529 1923 2570 prius

301 2590 434 2622 260-261
460 2589 637 2629 (271-272).
662 2588 704 2620 In
728 2588 796 2619 hoc
830 2587 996 2628 exemplo
1029 2586 1262 2618 desideratur
1284 2595 1416 2617 annus.
1443 2585 1506 2616 Est
1529 2584 1631 2616 aliud
1654 2583 1861 2624 exemplum
1885 2582 1923 2613 in

302 2642 428 2675 eodem
461 2642 597 2681 codice,
622 2641 657 2673 ff.
684 2641 830 2679 115-116,
858 2641 894 2671 in
928 2649 1001 2680 quo
1025 2639 1121 2671 clare
1155 2639 1291 2679 legitur
1325 2638 1363 2669 in
1399 2638 1491 2669 fine:
1516 2638 1536 2669 3
1565 2636 1731 2669 Ianuarii
1767 2635 1857 2667 1562.
1883 2634 1923 2666 In

303 2696 442 2728 archiv.
467 2695 647 2727 colonien.
673 2694 766 2735 (cod.
790 2693 824 2726 J.
848 2693 883 2725 J.
912 2693 992 2725 721,
1016 2693 1052 2724 ff.
1080 2692 1227 2731 131-132)
1243 2692 1299 2723 est
1322 2691 1443 2722 versio
1466 2698 1642 2731 germana
1666 2689 1778 2721 huius
1801 2688 1922 2729 episi„

303 2750 390 2781 data
406 2749 465 2781 die
487 2750 528 2781 30
562 2747 770 2780 Decembris
795 2747 886 2779 1561.
911 2745 1116 2779 Concordat
1139 2754 1222 2777 cum
1246 2744 1411 2785 exemplo
1434 2744 1564 2776 latino.
1584 2742 1850 2775 Desiderantur
1873 2742 1925 2773 ta-

303 2812 386 2835 men
409 2802 447 2834 in
471 2801 641 2834 versione
664 2809 838 2842 germana
872 2808 915 2831 ea
948 2807 1043 2840 quae
1066 2799 1109 2830 de
1144 2806 1332 2830 carcerum
1361 2799 1397 2829 et
1431 2796 1674 2837 hospitalium
1709 2794 1924 2827 visitatione

303 2856 491 2888 dicuntur.

365 2911 376 2928 2
400 2909 440 2940 In
464 2908 632 2949 catalogo
655 2907 800 2948 collegii
826 2905 1017 2947 pragensis
1041 2906 1060 2936 3
1079 2902 1248 2936 ianuarii
1274 2904 1353 2935 1562
1375 2904 1513 2944 scripto
1546 2902 1756 2941 censentur,
1782 2901 1926 2941 praeter

304 2962 341 2994 P.
366 2960 623 3002 Blyssemium,
648 2960 836 2997 rectorem,
856 2958 920 2990 ΡΡ,
939 2957 1176 2990 Christianus
1200 2956 1332 2987 Rivius
1356 2956 1540 2990 Halensis,
1559 2954 1765 2986 liudovicus
1792 2952 1925 2984 Barke-

303 3014 388 3049 lius,
422 3013 573 3052 flander,
609 3013 645 3044 et
678 3011 896 3043 Balthassar
929 3009 1248 3047 Pharkirchensis,
1286 3009 1444 3040 bavarus
1478 3008 1580 3048 (Cod.
1619 3007 1746 3039 Germ.
1779 3005 1861 3039 131.
1886 3005 1922 3037 ff.

301 3067 463 3107 312-313).
488 3065 747 3104 Neosacerdos,
772 3065 850 3097 erat
876 3064 964 3096 Lud.
991 3063 1195 3095 Barkelius.
1221 3062 1272 3094 Cf.
1298 3061 1442 3093 Lainii
1466 3060 1638 3093 Monum.
1663 3059 1723 3099 VI,
1750 3059 1819 3091 102.
