2028 3531
302 276 341 309 is
771 275 969 310 ΙΛΤΊῈΗΑΕ
1005 276 1348 318 QUAaniJsrmcs

249 393 472 432 milmente
501 393 537 432 si
572 393 938 432 racomandiamo.
977 393 1024 430 l)i
1059 392 1238 431 Modena
1282 390 1356 429 alli
1402 391 1426 425 ἒ)
1464 389 1505 427 di
1553 399 1711 427 zenaro
1750 387 1861 426 1561.

253 456 300 496 l).
327 457 373 496 V.
401 457 446 497 R.
473 457 516 495 l'.
552 456 741 507 indegno
773 456 816 494 in
851 456 961 506 xpo.
996 456 1162 504 ligliolo

1375 529 1559 568 ALOisu)
1590 527 1700 566 ΝΑΡΙ
1732 529 1758 567 ¹.

355 604 508 653 sigilli
542 606 791 653 vestiq‘inm.

1002 873 1116 919 468

625 1011 678 1060 Ρ.
739 1010 1084 1061 IOANNES
1146 1009 1492 1059 RETl-llUS

748 1134 920 1160 comum
950 1124 994 1159 10
1022 1134 1205 1159 ιΑΝυΑκῐι
1236 1123 1323 1159 1561

249 1247 286 1282 1.
321 1244 570 1293 Disciplina
602 1245 841 1282 domestica
871 1244 999 1292 viget.
1033 1242 1293 1281 Schola-effici
1326 1242 1558 1281 Societatis
1593 1241 1644 1279 ab
1673 1242 1870 1279 eoeternis

356 1308 678 1347 convictoribus
707 1309 918 1358 separati.
951 1330 998 1334 —
1029 1311 1069 1346 2.
1101 1307 1218 1346 Socii
1260 1308 1350 1345 alio
1394 1308 1536 1345 missi.
1579 1305 1869 1352 Quorundam

358 1373 575 1411 valetudo.
610 1373 858 1412 Academici
886 1373 1071 1421 ‚cp-adsus.
1104 1394 1153 1398 —
1184 1376 1224 1410 3.
1254 1372 1581 1421 Archiepiscopi
1614 1371 1762 1409 maior
1803 1371 1869 1419 fa-

357 1450 435 1476 vor
476 1439 745 1487 exquiritur.
779 1438 840 1475 De
882 1438 1031 1476 schola
1061 1437 1313 1475 Andernaci
1356 1436 1580 1485 erigenda.
1618 1435 1679 1473 De
1721 1435 1870 1473 schola

357 1503 738 1552 clusseldorpiensi
766 1503 805 1540 et
834 1502 1128 1541 universitate
1156 1502 1483 1551 duisbmyensi.

334 1627 367 1665 1.
400 1627 428 1675 -ζ-
459 1626 548 1664 Pax
579 1624 756 1674 Christj.
788 1624 1042 1675 Scripturus
1072 1624 1416 1675 quadrimestres
1447 1623 1610 1669 literas,
1640 1622 1689 1661 R.
1715 1622 1780 1668 P.,
1803 1622 1869 1661 ni-

252 1691 316 1730 hil
345 1702 497 1730 eorum
527 1702 640 1740 quae
670 1689 888 1736 Treueris,
921 1689 1172 1739 Moguntiae
1202 1701 1279 1728 seu
1306 1687 1614 1727 Francfordiae
1643 1689 1766 1738 gesta
1797 1698 1871 1738 per

252 1758 427 1795 nostros
456 1757 575 1801 sunt,
607 1755 973 1794 commemorabo.
1007 1754 1065 1793 Ea
1109 1753 1225 1793 enim
1269 1753 1417 1792 omnia
1455 1765 1507 1791 ex
1538 1752 1584 1793 P.
1612 1751 1870 1791 Prouincia-

252 1821 308 1860 lis
337 1822 351 1844 3
381 1820 521 1859 literis
552 1820 602 1859 R.
636 1819 684 1859 Τ.
717 1819 940 1870 cognouit.
974 1818 1133 1858 Paucis
1167 1818 1303 1869 igitur
1345 1820 1517 1857 tantum
1548 1817 1625 1856 illa
1655 1817 1869 1868 attingam

251 1897 364 1936 quae
393 1885 445 1924 de
474 1884 718 1924 coloniensi
748 1883 934 1934 collegio
973 1883 1205 1922 scribenda
1239 1884 1431 1922 fuerunt.
1473 1883 1671 1921 Fratrum
1700 1883 1742 1921 et
1770 1893 1871 1921 con-

254 1950 469 1989 uictorum
505 1951 547 1988 et
580 1949 901 1999 discipulorum
932 1959 1160 1991 numerus,
1184 1948 1226 1986 in
1251 1959 1301 1986 eo
1323 1949 1528 1998 frequens
1552 1948 1637 1994 est;
1670 1946 1869 1986 omnium

248 2007 440 2053 ‘habetur
469 2013 595 2059 ratio,
629 2015 672 2052 vt
702 2013 748 2052 in
779 2013 919 2052 literis
948 2012 1109 2063 pariter
1134 2024 1183 2051 ac
1212 2012 1468 2051 christianis
1490 2011 1688 2050 moribus
1707 2013 1749 2050 et
1770 2022 1871 2050 vera

253 2079 412 2129 pietate
442 2090 721 2129 progressum
754 2077 930 2116 faciant.
967 2077 1181 2127 Discipuli
1214 2077 1396 2126 proinde
1426 2077 1471 2115 in
1502 2076 1625 2115 festis
1664 2075 1872 2115 celebrio-

253 2144 376 2183 ribus
406 2155 481 2193 per
512 2145 785 2193 peccatorum
817 2142 1137 2181 confessionem
1181 2154 1226 2180 se
1269 2141 1446 2180 Christo
1490 2140 1798 2187 reconciliant;
1830 2142 1872 2179 et

253 2208 414 2259 ipsum,
445 2208 591 2247 omnis
620 2209 840 2258 profectus
882 2207 1127 2253 authorem,
1170 2207 1213 2245 in
1257 2208 1537 2245 sacrosancto
1579 2205 1872 2245 eucharistiae

253 2274 528 2313 sacramento
557 2272 714 2311 deuote
744 2271 1007 2321 suscipiunt.
1040 2270 1324 2310 Conuictores
1354 2273 1499 2310 autem
1532 2271 1574 2309 id
1605 2271 1735 2321 longe
1765 2270 1873 2309 frae-

253 2337 463 2389 quentius
506 2337 687 2383 faciunt,
735 2335 876 2381 tertia,
922 2337 999 2374 aut
1041 2336 1234 2375 secunda
1277 2347 1451 2386 quaque
1494 2335 1755 2385 septimana,
1796 2336 1872 2374 aut

253 2402 446 2453 singulis
474 2402 604 2441 etiam
644 2403 741 2440 octo
785 2401 955 2440 diebus.
991 2400 1043 2439 Vt
1076 2400 1128 2440 de
1159 2401 1369 2439 fratribus
1412 2400 1525 2439 nihil
1565 2400 1764 2447 referam,
1795 2400 1871 2450 qui

254 2467 300 2506 in
346 2466 612 2512 obedientia,
660 2465 924 2511 humilitate,
972 2465 1322 2511 mortificatione,
1368 2465 1597 2511 modestia,
1642 2464 1870 2511 charitate,

254 2532 443 2582 aliisque
473 2531 713 2570 virtutibus
757 2542 845 2569 non
889 2529 1082 2579 segniter
1124 2530 1488 2579 progrediuntur3
1526 2530 1704 2580 pacifice
1741 2531 1872 2580 atque

317 2668 325 2685 ¹
350 2666 392 2698 In
414 2666 594 2706 catalogis
628 2665 773 2697 coaevis
808 2665 945 2696 dicitur
980 2664 1278 2699 mediolanensis,
1304 2665 1494 2705 ingressus
1529 2664 1748 2696 Societatem
1774 2672 1872 2695 anno

256 2720 346 2752 1550.
364 2719 456 2751 Vide
472 2718 595 2759 Epist.
615 2718 774 2750 Mizrtae,
795 2717 852 2753 IV,
871 2718 942 2749 580.
961 2717 1001 2748 In
1026 2717 1194 2758 catalogo
1217 2717 1361 2758 collegii
1385 2718 1551 2758 patavini
1570 2717 1615 2749 ab
1632 2718 1712 2758 ipso
1735 2717 1873 2758 scripto

255 2773 314 2805 die
336 2773 356 2804 4
379 2772 474 2804 Iunii
502 2772 580 2803 1557
604 2771 711 2803 dicit:
740 2783 755 2798 «
772 2770 810 2802 lo
833 2779 899 2802 son
935 2771 1023 2802 nato
1047 2770 1085 2802 in
1112 2770 1329 2802 Lomhardia
1363 2780 1537 2811 appresso
1560 2780 1581 2802 a
1604 2770 1757 2805 Milano:
1782 2777 1872 2801 sono

256 2825 443 2857 sacerdote
466 2823 666 2864 indegno...
684 2835 699 2851 »
726 2823 766 2854 In
790 2823 868 2854 cod.
895 2822 1059 2862 inform.
1085 2824 1179 2855 ant..
1206 2832 1241 2854 n.
1271 2823 1322 2854 57.

317 2880 328 2897 2
351 2877 403 2909 Ex
426 2877 560 2917 origin.
586 2876 624 2907 in
648 2876 726 2908 cod.
757 2875 885 2907 (r'erm.
909 2875 969 2911 39,
995 2874 1018 2907 f.
1042 2876 1098 2913 55;
1125 2875 1229 2916 prius
1254 2876 1312 2906 129
1334 2876 1437 2915 (154).
1455 2876 1519 2907 Est
1541 2876 1643 2907 aliud
1666 2875 1873 2916 exemplum

255 2931 294 2963 in
317 2931 340 2963 f.
364 2931 415 2962 59.
440 2929 549 2961 Edita
571 2930 628 2961 est
651 2929 697 2960 ab
722 2929 890 2960 HANSEN:
917 2928 1154 2960 Rheinische
1172 2927 1336 2960 silleten...
1354 2929 1506 2967 378-:379;
1525 2937 1598 2960 non
1615 2937 1734 2969 pauca
1750 2929 1872 2960 tamen

255 2984 317 3015 ille
339 2983 477 3022 omisit,
501 2991 597 3024 quae
621 2982 728 3014 nobis
753 2990 825 3013 non
856 2980 1008 3013 inutilia
1031 2980 1214 3013 videntur.

317 3038 329 3055 ³
352 3036 388 3068 P.
414 3036 620 3067 Everardus
644 3034 908 3066 Mercurianus
934 3033 985 3065 Cf.
1011 3033 1154 3064 Lainii
1177 3033 1348 3066 Monam.
1374 3034 1415 3073 V,
1442 3035 1499 3065 167
1523 3043 1616 3075 sqq„
1640 3034 1701 3065 333
1723 3043 1802 3075 sqq.
1861 3029 1864 3053 ¹
