2028 3531
338 264 409 299 214
811 263 1015 301 mezm:
1042 265 1385 310 QUAnmmusrmzs

294 382 381 422 mal
417 382 585 429 estado,
629 395 655 434 y
697 394 755 421 an
783 382 1034 430 confesado,
1079 396 1163 435 que
1206 384 1308 423 auia
1352 383 1536 423 muchos
1573 386 1683 423 aflos
1724 395 1810 435 que
1852 395 1909 424 no

293 448 578 494 centesiman,
602 446 806 486 mouidas
826 459 906 498 por
925 447 992 488 los
1012 460 1237 488 sermones
1262 461 1288 499 y
1319 447 1504 499 platicas
1528 448 1581 487 de
1601 448 1668 488 los
1688 449 1907 489 nuestros.

294 511 621 561 Restitueiones
650 523 696 550 se
725 511 815 551 han
836 512 976 552 hecho
997 513 1206 564 algunas3
1240 524 1325 552 vna
1357 524 1440 551 vvo
1469 519 1487 538 ἃ
1516 512 1569 552 de
1592 512 1671 552 300
1690 512 1907 560 ducados;

293 577 389 614 otro
432 575 626 626 perdono
658 576 733 615 140
761 576 970 616 ducados.
1003 577 1249 627 Exereiqios
1292 588 1338 616 se
1381 577 1470 615 han
1499 576 1613 616 dado
1642 588 1667 616 a
1696 576 1908 628 algunos;

294 652 320 691 y
349 639 538 690 algunos
568 640 867 681 enemistados
895 653 941 681 se
970 642 1059 681 hau
1104 641 1411 691 reconciliacio.
1459 640 1634 692 [Preces
1677 640 1909 693 postulat]

403 704 464 744 De
493 704 699 745 Granada
728 718 755 757 y
783 706 837 746 de
867 706 993 747 Abril
1021 708 1087 748 ⁶29.

401 768 463 808 De
492 769 542 808 V.
576 769 623 809 P.
656 769 749 820 hijo
779 770 964 822 indigno
992 783 1047 811 en
1081 772 1121 811 el
1154 771 1196 812 S.

1413 867 1442 916 †
1472 865 1692 905 NAUARRO
1721 866 1750 915 -1-
1779 867 1806 906 ¹.

402 977 488 1016 Por
515 977 801 1017 commission
831 978 901 1018 del
931 979 979 1019 P.
1012 980 1103 1019 D.0¹'
1133 980 1278 1029 Placa,
1312 978 1405 1018 vioe
1435 978 1681 1029 provincial
1709 978 1738 1017 2.

401 1042 555 1093 Sigilli
583 1045 834 1094 vestigium.

1051 1301 1162 1351 505

778 1448 940 1474 HISPALI
965 1438 1012 1474 029
1037 1449 1198 1474 APRILIS
1223 1438 1271 1484 (ἢ)
1298 1438 1385 1474 1561
1422 1438 1446 1474 3.

294 1572 380 1608 1-2.
411 1568 643 1608 Sociorum
671 1581 902 1608 numerus.
937 1570 1188 1619 Disciplina
1232 1570 1484 1608 domestica.
1516 1591 1565 1596 —
1606 1573 1647 1608 3.
1681 1568 1915 1608 Contiones

403 1633 620 1681 Patrum;
649 1635 848 1683 fratrum
877 1635 1139 1681 catecheses;
1168 1647 1398 1673 carcerum
1427 1635 1720 1673 visitationes.
1744 1633 1917 1684 Copiosi

402 1699 578 1748 fructus
606 1699 710 1738 inde
738 1700 919 1738 collecti.
952 1722 1002 1726 —
1030 1704 1074 1738 4.
1110 1699 1385 1738 Clericorum
1408 1701 1674 1749 pacensium
1704 1710 1917 1737 accursus

404 1764 635 1813 Hispalim
656 1764 713 1802 acl
734 1765 945 1803 emercitia
973 1765 1252 1815 spiritualia.
1278 1787 1319 1790 —
1348 1769 1389 1802 5.
1417 1764 1582 1811 Quibus
1611 1765 1745 1803 etiam
1767 1775 1918 1814 opera-

405 1830 481 1867 tur
519 1829 703 1878 quidam
726 1829 1032 1879 philosophiae
1067 1830 1295 1879 magister.
1329 1851 1378 1856 —
1427 1833 1517 1867 6-7.
1557 1829 1803 1868 Mandante
1848 1840 1919 1867 ar—

403 1894 664 1943 chicpiscopi
693 1896 873 1942 vicario,
897 1895 1046 1933 clerici
1066 1895 1278 1933 nonnulli
1302 1895 1482 1944 peccata
1503 1894 1622 1944 apud
1641 1895 1820 1932 nostros
1851 1893 1918 1931 cle-

398 1960 588 2008 ponunt,
625 1960 756 1998 ceteri
797 1972 850 1998 ex
896 1959 1003 1998 urbe
1048 1960 1376 1998 hortationibus
1419 1960 1458 1998 et
1492 1959 1740 1998 moralibus
1787 1958 1919 1997 colla-

407 2024 601 2063 tionibus
637 2025 817 2063 assidue
859 2025 1099 2064 intersunt.
1132 2047 1182 2051 —
1211 2029 1253 2063 8.
1284 2026 1477 2064 Ducissa
1506 2025 1555 2063 de
1590 2025 1723 2073 Bejar
1756 2025 1919 2073 confes-

405 2091 582 2128 sarium
620 2103 640 2128 e
674 2091 845 2129 nostris
873 2090 957 2128 sibi
985 2102 1177 2139 suaeque
1206 2090 1409 2139 familiae
1437 2090 1662 2128 instanter
1690 2089 1916 2139 procurat.

405 2176 455 2180 —
485 2159 602 2193 9—10.
638 2155 761 2194 Ciues
779 2156 1054 2205 hispalenses
1083 2156 1192 2205 filiis
1223 2156 1377 2193 tinient
1408 2167 1434 2193 a
1452 2156 1675 2205 perversis
1704 2154 1920 2192 doctrinis

405 2220 663 2269 scholasque
691 2221 951 2259 nostrorum
983 2221 1191 2258 ardenter
1221 2221 1442 2270 expetunt.
1469 2220 1669 2269 Itemque
1696 2219 1917 2269 gaditani.

406 2307 456 2311 —
484 2289 548 2323 11.
578 2285 783 2324 Andreas
818 2284 970 2333 Gasco,
1002 2285 1259 2334 inquisitor,
1293 2285 1385 2322 (lies
1411 2285 1644 2323 continuos
1675 2283 1793 2333 apud
1822 2294 1921 2321 nos-

361 2463 380 2482 a
412 2454 578 2487 Videtur
607 2455 756 2487 emend.
780 2464 828 2487 eac
849 2464 930 2486 ovo.

364 2617 373 2634 ¹
397 2614 489 2647 Vide
511 2615 606 2647 Litt.
636 2614 854 2654 Quadrim..
880 2614 939 2654 VI,
963 2615 1035 2646 295.

363 2671 375 2688 2
397 2667 468 2708 Qui
491 2669 603 2700 etiam
626 2668 772 2710 collegii
795 2669 914 2700 rector
935 2668 1025 2700 erat.

363 2724 375 2740 ³
397 2722 449 2753 Ex
472 2731 597 2763 apogr.
612 2730 746 2753 coaevo
759 2721 798 2753 in
821 2721 899 2753 cod.
914 2720 1026 2762 Hisp.
1041 2720 1124 2756 102.
1138 2719 1174 2752 ff.
1189 2720 1240 2758 85,
1254 2720 1312 2757 86;
1338 2720 1441 2761 prius
1457 2720 1529 2759 373,
1543 2720 1615 2752 374.
1634 2719 1697 2751 Est
1714 2718 1921 2759 exemplum

300 2775 462 2807 latinum
485 2775 524 2807 in
548 2775 626 2807 cod.
650 2774 763 2816 Hisp.
788 2774 848 2811 98,
873 2774 909 2806 ff.
935 2774 1005 2813 156,
1031 2774 1101 2806 157.
1134 2773 1347 2814 Exemplum
1382 2773 1594 2814 hispanum,
1632 2772 1730 2814 quod
1764 2771 1919 2810 edimuS,

302 2827 576 2868 subscriptione
599 2829 636 2860 et
658 2828 835 2869 temporis
858 2827 1050 2860 notatione
1072 2827 1184 2859 caret.
1209 2826 1250 2858 In
1273 2825 1333 2858 fol.
1350 2827 1391 2858 85
1406 2826 1588 2867 posterior
1603 2834 1736 2857 manus
1753 2824 1919 2866 scripsit:

304 2893 321 2909 «
338 2881 381 2913 Di
405 2881 565 2921 Siuiglia
587 2881 718 2913 l’anno
742 2881 833 2920 1558,
858 2889 879 2913 o
902 2887 1035 2921 seq.te»
1061 2879 1105 2911 Et
1128 2879 1167 2911 in
1190 2879 1213 2911 f.
1237 2880 1278 2911 86
1311 2889 1344 2911 v,
1380 2879 1454 2911 alia
1488 2887 1638 2911 manus:
1672 2890 1688 2907 «
1704 2877 1808 2918 Degli
1832 2876 1921 2909 anni

303 2934 383 2966 1557
406 2934 480 2966 fino
504 2934 564 2966 all’
580 2943 678 2966 anno
701 2935 782 2966 1564
797 2946 827 2966 ».
852 2933 895 2966 Et
918 2933 1016 2965 inter
1038 2932 1147 2974 epist.
1172 2933 1261 2964 anni
1287 2933 1366 2964 1564
1388 2933 1606 2964 collocatum
1622 2933 1691 2964 est.
1708 2930 1922 2972 Exemplum

305 2996 391 3019 vero
414 2987 572 3020 latinum
596 2988 649 3019 ita
672 2987 771 3019 finit:
799 2999 815 3015 «
831 2986 978 3028 Hispali
1001 2986 1021 3018 3
1043 2985 1228 3018 Kalendas
1252 2985 1369 3017 maias
1394 2986 1485 3018 1561.
1509 2985 1552 3017 R.
1571 2985 1609 3018 P.
1627 2984 1806 3024 Goncalez
1822 2992 1922 3015 man-

306 3040 404 3080 dato,
429 3041 518 3073 tuus
541 3041 580 3073 in
605 3041 694 3073 Dfio.
720 3049 852 3073 seruus
874 3040 898 3080 †
921 3039 1103 3071 Martinus
1126 3038 1342 3071 Hernandez
1366 3050 1395 3071 ».
1421 3038 1472 3070 Cf.
1498 3038 1610 3070 etiam
1633 3037 1741 3079 epist.
1765 3036 1838 3069 493.
