2028 3531
563 263 643 299 479.
671 285 716 288 -
743 263 901 299 Bmzffls
930 262 972 299 17
999 262 1194 299 IANUARH
1224 262 1309 297 1561
1646 264 1709 298 103

119 394 210 422 non
239 382 511 434 defueru[n]t
542 381 712 421 musica
741 381 873 421 etiam
905 380 1203 421 instrumenta
1223 381 1279 420 ad
1301 380 1506 432 singulos
1531 383 1656 420 actus
1686 392 1755 420 co-

120 447 304 487 mediae.
337 446 501 487 Omnes
530 446 734 497 adrniratj
767 448 810 486 et
838 446 1055 496 aedificat]
1099 445 1373 496 (molliamus
1415 445 1534 485 enim
1579 457 1757 486 necesse

118 515 185 552 est
214 512 298 552 hoc
329 513 514 552 uerbum
545 514 586 552 et
616 512 671 551 ad
701 513 903 551 nostrum
936 523 1068 551 usum
1107 513 1342 561 nouemus)
1375 510 1536 556 mirum
1582 510 1626 550 in
1667 523 1758 550 mo-

119 577 224 617 dum
255 577 580 623 discesserunt;
614 576 770 616 laudes
804 576 895 616 Deo
938 588 963 615 a
1008 588 1097 626 quo
1140 576 1291 615 omnia
1336 576 1453 615 bona
1498 576 1755 627 procedunt,

118 643 375 683 deferantur
405 642 584 693 ubique.

203 708 265 748 15.
300 707 474 747 Fratres
504 707 713 747 nonnulli
743 718 795 746 ex
826 707 909 746 hoc
948 706 1081 746 etiam
1125 706 1313 756 collegio
1355 708 1462 746 eunt
1506 706 1551 745 in
1596 708 1756 748 forum.

118 773 249 824 quasi
295 772 451 820 baiuli,
484 775 532 812 ut
576 784 667 812 non
710 772 856 812 solum
900 783 925 811 a
970 771 1136 811 nostris
1178 771 1500 819 conducantur,
1538 774 1600 815 ut,
1645 783 1759 822 quae

118 841 345 886 emuntur,
377 838 597 886 deterant3
632 849 788 878 uerum
818 837 950 877 etiam
981 837 1037 876 ab
1067 837 1185 887 aliis,
1218 849 1242 876 a
1277 836 1443 888 quibus
1485 837 1619 876 etiam
1664 848 1758 887 pre-

120 905 233 945 tium
263 903 431 943 laboris
452 903 701 954 accipiunt:
734 904 777 942 et
805 902 1015 942 nonnulli
1037 902 1170 941 etiam
1194 904 1371 941 nostrae
1391 902 1551 941 domus
1573 902 1757 945 faciunt,

118 982 221 1010 cum
251 981 342 1009 non
371 970 698 1020 cognoscantur
726 968 783 1007 ab
813 967 1008 1007 externis
1038 969 1217 1018 propter
1247 967 1439 1007 uestium
1478 966 1761 1006 dissimilitu-

121 1035 288 1081 dinem,
320 1036 363 1074 et
391 1034 455 1073 sic
484 1033 664 1073 discunt
708 1033 860 1073 uiuere
903 1032 1080 1073 Christo
1123 1034 1165 1072 et
1204 1033 1316 1072 mori
1352 1032 1535 1078 mundo,
1568 1032 1682 1072 nihil
1714 1032 1759 1071 hi

121 1100 220 1141 eius
267 1100 441 1139 faustus
474 1099 710 1145 ducentes;
744 1098 936 1149 denique
980 1109 1136 1137 omnes
1179 1098 1332 1137 fideles
1374 1098 1465 1137 Deo
1509 1097 1625 1148 seruj
1673 1109 1762 1136 ma-

122 1168 294 1211 nentes,
335 1164 582 1216 om[n]ibus
620 1163 771 1203 omnia
802 1164 962 1203 uolunt
993 1163 1100 1214 fierj.
1134 1162 1311 1214 [Preces
1342 1165 1545 1214 postulat
1575 1165 1615 1203 et
1645 1164 1762 1203 vale-

119 1230 260 1283 αἱρέῃ.

229 1296 291 1335 Ex
320 1295 412 1346 diuj
448 1295 589 1335 Rochi
622 1295 669 1334 17
700 1294 910 1334 calendas
955 1293 1182 1345 Februarij
1226 1306 1345 1333 anno
1390 1294 1506 1333 1561.
1541 1293 1603 1332 Ex
1646 1305 1762 1333 com-

122 1361 339 1401 missione
375 1361 521 1401 Patris
551 1360 787 1401 Gondicali
818 1360 907 1399 Yaz
939 1363 966 1400 1.

1246 1449 1486 1488 AMBROSIO
1517 1448 1592 1487 P1z
1623 1449 1652 1487 2.

229 1552 384 1603 Sigilli
414 1553 669 1602 vestigium.

884 1801 998 1849 479

520 1949 574 1998 Ρ.
616 1914 894 1999 GASPAR
940 1947 1030 1998 DE
1075 1934 1352 1997 DUENAS

636 2085 785 2112 BURGIS
818 2076 856 2110 17
888 2086 1078 2112 IANUARH
1108 2075 1194 2110 1561
1224 2076 1248 2111 ⁴³.

120 2213 160 2247 1.
193 2208 425 2248 Sociorum
456 2221 689 2247 mmner'ns.
723 2208 848 2247 Cives
876 2209 1130 2259 frequentes
1151 2208 1210 2247 acl
1229 2208 1515 2247 sacramenta
1538 2207 1762 2246 accedunt.

229 2296 280 2301 —
311 2279 352 2313 2.
387 2275 634 2314 Cuiusdam
678 2276 923 2314 conversio.
957 2297 1004 2301 -
1039 2278 1079 2313 3.
1111 2274 1251 2313 Paces
1294 2274 1450 2313 initae.
1484 2296 1533 2300 —
1563 2277 1656 2312 4-5.
1687 2274 1763 2323 Af-

228 2341 339 2389 flicti
368 2341 408 2378 et
432 2352 543 2390 pene
577 2340 801 2390 desperati
841 2341 1030 2389 quietem
1070 2341 1322 2379 inveniunt.
1354 2361 1403 2365 —
1435 2333 1476 2377 6.
1508 2339 1766 2389 Relsieqiosus

231 2405 288 2444 ad
317 2405 521 2444 claustra
551 2406 680 2444 redit.
717 2428 764 2431 —
797 2409 837 2444 7.
876 2405 1090 2444 Votorum
1116 2405 1363 2444 renovatio.
1387 2427 1438 2430 —
1459 2408 1502 2443 8.
1529 2404 1765 2443 Contiones

229 2471 282 2511 P.
312 2472 515 2510 Rectoris
544 2473 583 2510 et
616 2471 814 2510 aliorum
846 2473 893 2509 in
925 2471 1117 2509 diversis
1141 2471 1262 2509 locis.
1288 2470 1393 2509 Alia
1423 2482 1559 2520 opera
1587 2471 1682 2520 pia.
1715 2491 1764 2496 —

231 2539 273 2575 9.
293 2537 351 2575 In
382 2536 690 2575 bellimarensi
720 2537 950 2586 collegiolo
981 2537 1097 2586 viyet
1127 2536 1371 2586 disciplina
1393 2536 1648 2574 domestica.
1676 2535 1766 2573 Ali-

231 2604 309 2651 qai
350 2602 566 2651 religiosa
610 2602 711 2640 vota
754 2602 979 2641 emittunt.
1012 2601 1270 2640 Sacerdotes
1315 2601 1372 2639 acl
1415 2602 1563 2639 vicina
1604 2600 1765 2650 oppida

231 2669 502 2714 excurram&
533 2668 897 2718 quamplurimos
922 2668 1102 2718 peccata
1133 2667 1388 2716 confitentes
1419 2666 1627 2705 audiunt.
1651 2666 1767 2704 Bm·-

187 2852 195 2868 ¹
220 2850 460 2891 praepositus
484 2850 615 2881 domus
640 2850 826 2890 professae
849 2849 1128 2891 olisiponensis,
1155 2849 1266 2890 paulo
1291 2850 1371 2890 post
1411 2848 1648 2890 praepositus
1676 2847 1759 2879 Pro-

125 2903 312 2935 vincialis.

188 2958 200 2975 ‘2
224 2956 274 2988 De
298 2957 482 2998 epistulae
506 2957 657 2988 auctore
682 2956 766 2988 vide
790 2956 843 2988 sis
867 2956 992 2997 Epist.
1018 2956 1061 2988 P.
1086 2955 1236 2989 Nadal.
1262 2955 1289 2988 Ι.
1316 2955 1388 2990 5024.
1414 2956 1542 2987 annot.
1567 2955 1597 2986 4.

188 3011 201 3029 ³
224 3009 277 3041 Ex
301 3011 447 3051 autogr.
472 3010 511 3041 in
535 3010 618 3042 cod.
644 3008 758 3051 Hisp.
783 3010 844 3046 98,
862 3009 898 3042 ff.
916 3010 968 3044 49.
986 3010 1043 3043 50:
1070 3009 1174 3050 prius
1199 3010 1271 3048 311,
1292 3009 1364 3041 312.
1383 3008 1672 3050 Subsequuntur
1696 3007 1767 3039 tria

126 3062 299 3104 exempla
325 3063 445 3095 latina
469 3063 508 3094 in
531 3062 566 3094 ff.
591 3063 700 3095 51-56.
