2028 3531
521 267 602 304 (3Q7.
628 289 673 294 —
699 268 863 306 Murum
890 271 912 306 4
939 270 1166 308 FEBRUARH
1196 272 1287 308 15602
1610 272 1679 309 769

853 514 964 562 627

504 667 557 718 Ρ.
616 669 1044 721 ALOISIUS
1099 672 1309 723 ΝΑΡΙ

589 835 746 861 MUTINA
774 827 795 861 4
822 837 1043 864 FEBRUARII
1085 829 1175 865 1562
1202 830 1226 865 1.

87 966 125 1002 1.
156 962 317 1002 Scribit
348 975 461 1012 quae
485 975 567 1013 per
598 976 771 1003 annum
800 967 925 1015 gesta
953 968 1073 1006 sunt.
1107 966 1340 1007 Sociorum
1369 981 1590 1009 numerus
1620 981 1721 1009 auc-

197 1029 282 1068 tus.
318 1028 573 1068 Candidati.
598 1028 779 1069 Scholae
805 1030 1038 1070 Societatis
1061 1033 1392 1073 desiderantur.
1414 1056 1466 1061 —
1487 1038 1529 1073 2.
1555 1035 1725 1086 Templi

189 1095 416 1145 perfectio.
448 1117 500 1121 —
530 1098 571 1133 3.
602 1096 920 1147 Eleemosynae
953 1099 1124 1137 nostris
1168 1099 1370 1139 collatae.
1403 1122 1454 1126 —
1482 1103 1578 1139 4-8.
1613 1099 1722 1140 Con-

193 1172 354 1199 cursus
383 1160 441 1199 ad
470 1161 710 1199 contiones.
748 1160 973 1208 Quaedam
1017 1165 1359 1203 conversionum
1388 1165 1603 1216 eocempla.
1633 1166 1723 1206 Pia

193 1237 317 1264 mors
351 1225 590 1264 cuiusdam
614 1226 808 1275 puellae.
841 1249 891 1252 —
922 1231 963 1265 9.
999 1228 1200 1275 Quatuor
1241 1229 1417 1269 hebraei
1459 1231 1723 1270 catholicam

193 1291 323 1340 fidem
344 1291 690 1340 amplectuntur.
712 1313 762 1318 —
779 1295 918 1331 10-11.
945 1293 1048 1332 Tres
1069 1295 1209 1343 capite
1230 1294 1435 1334 damnati
1457 1296 1514 1334 ad
1534 1297 1722 1336 mortem

193 1356 442 1406 tranquille
471 1355 765 1402 subeundam,
799 1370 900 1396 cum
936 1358 1184 1397 multorum
1221 1359 1526 1408 aedificatione
1550 1373 1722 1411 paran-

194 1422 284 1460 tur.
313 1421 407 1460 Alii
434 1433 577 1471 poena
602 1422 809 1472 precibus
838 1423 998 1462 Patris
1028 1425 1214 1463 rectoris
1244 1425 1539 1464 condonatur.
1571 1448 1617 1452 —
1650 1430 1721 1466 12.

192 1486 293 1526 Pax
322 1487 441 1526 inter
470 1487 708 1537 religiosos
736 1488 775 1526 et
797 1489 1008 1538 cognatos
1029 1490 1227 1538 firmata.
1261 1512 1307 1516 —
1335 1494 1482 1529 13-14.
1513 1513 1562 1518 —
1594 1492 1722 1531 Aliae

192 1552 448 1591 errantium
482 1553 810 1591 conversiones.
842 1574 891 1578 —
921 1556 991 1591 15.
1022 1554 1109 1591 Pia
1153 1566 1276 1592 mors
1305 1555 1345 1593 et
1374 1555 1571 1605 elogium
1599 1556 1721 1595 nobi-

193 1617 395 1656 lissimae
428 1618 664 1656 matronae
708 1618 884 1667 collegii
929 1618 1248 1668 benefactricis.
1282 1642 1333 1646 —
1361 1624 1431 1659 16.
1462 1620 1608 1660 Solita
1637 1623 1721 1660 mi-

190 1683 383 1721 nisteria
426 1695 534 1733 erga
577 1683 785 1732 infirmos
829 1685 867 1722 et
903 1686 1167 1723 carceratos.
1202 1707 1243 1711 —
1280 1689 1354 1725 1⁷.
1386 1686 1594 1736 Insignis
1624 1687 1720 1726 tum

183 1761 437 1799 procerum,
470 1750 567 1788 tum
596 1749 730 1800 vulgo
762 1751 928 1788 civium
960 1751 1138 1799 affectus
1168 1763 1275 1801 crya
1305 1753 1461 1791 socios.
1486 1774 1537 1779 ——
1565 1756 1636 1792 18.
1658 1753 1721 1793 De

189 1815 300 1864 festo
329 1815 370 1853 et
398 1816 773 1865 confraternitate
803 1817 1003 1854 nominis
1034 1817 1153 1855 Iesu.

165 1950 202 1990 1.
235 1951 265 2001 †
286 1950 393 1991 Yhs.
427 1951 520 1990 Pax
550 1950 653 2002 Xpi.
688 1950 871 2002 [Scribet
891 1954 1016 2002 gesta
1031 1966 1113 2003 per
1135 1965 1321 2002 annum,
1344 1966 1435 1993 non
1450 1967 1600 2005 parva
1621 1957 1720 2005 qui-

83 2017 194 2066 dem,
225 2019 266 2056 si
296 2018 510 2057 adiuncta
533 2016 821 2069 pensantur]
853 2016 1165 2057 Comiuchiaro
1191 2018 1396 2069 adonque
1425 2018 1718 2070 primamente

82 2080 200 2121 dalle
220 2093 320 2121 cose
350 2081 635 2121 domestiehe.
662 2082 710 2121 In
742 2093 844 2121 casa
866 2082 1006 2121 siaiuo
1029 2082 1051 2121 7
1073 2082 1129 2121 da
1158 2084 1315 2133 questo
1342 2083 1510 2135 Agosto
1539 2086 1719 2135 passato

82 2145 129 2185 in
159 2158 248 2197 qua
278 2147 453 2197 (perche
489 2147 631 2198 prima
660 2159 751 2187 non
781 2159 988 2186 eravamo
1018 2159 1065 2186 se
1099 2159 1189 2186 uon
1219 2148 1275 2199 5):
1317 2148 1391 2187 doi
1421 2149 1654 2199 sacerdoti,
1694 2150 1719 2190 3

81 2211 363 2252 coadiuttori.
397 2212 467 2252 Ma
496 2212 618 2263 dipoi
654 2213 735 2252 che
765 2212 816 2252 V.
851 2213 901 2252 R.
937 2213 983 2251 P.
1018 2224 1159 2252 venne
1190 2213 1235 2252 in
1267 2213 1449 2253 Feri-ara
1478 2214 1547 2254 col
1576 2214 1719 2255 ill.mo

82 2276 250 2317 Card.1e
271 2277 316 2317 di
347 2278 529 2318 Ferrara
550 2279 580 2326 ²‚
613 2279 790 2318 crebero
816 2278 889 2318 doi
912 2278 1120 2327 scholari,
1141 2279 1264 2329 quali
1286 2291 1451 2330 pareua
1471 2292 1498 2320 a
1517 2280 1567 2321 V.
1590 2280 1642 2321 R.
1666 2281 1715 2323 P.

82 2341 378 2393 imparassero
408 2343 486 2394 qui
517 2343 573 2383 da
603 2356 673 2383 me
703 2344 716 2383 i
750 2343 955 2395 principij
997 2344 1112 2383 della
1143 2345 1448 2395 grammatica,
1479 2346 1603 2396 quali
1642 2358 1719 2398 per

81 2407 225 2459 gratia
258 2408 303 2448 di
333 2408 417 2448 Dio
459 2408 497 2448 si
527 2421 639 2448 sono
682 2409 801 2448 assai
832 2409 1010 2448 aiuttati
1054 2409 1101 2448 iu
1130 2412 1315 2460 vtroque
1361 2410 1540 2450 homine
1569 2423 1646 2463 per
1674 2411 1719 2451 la

81 2473 199 2512 bona
227 2485 334 2513 cura
353 2474 434 2514 che
454 2474 499 2513 di
521 2475 616 2514 loro
637 2474 676 2514 si
705 2475 728 2514 e
748 2475 887 2514 hauta
915 2477 956 2514 et
978 2475 1015 2514 si
1044 2475 1176 2514 tiene.
1205 2465 1237 2514 E
1259 2475 1424 2515 intrato
1454 2487 1513 2515 vn
1543 2476 1718 2517 fratello

82 2539 316 2579 muradore
345 2540 464 2580 nella
485 2539 776 2591 Compagnia,
808 2540 914 2592 qual
939 2540 1061 2591 dipoi
1092 2540 1135 2579 di
1159 2540 1283 2580 molti
1313 2540 1358 2579 di
1379 2541 1460 2581 che
1480 2542 1717 2592 perseuero

142 2747 152 2765 ¹
175 2746 228 2778 Ex
251 2747 396 2788 autogr.
423 2747 462 2779 in
486 2747 565 2780 cod.
598 2747 725 2780 Venet.
752 2747 834 2781 100,
860 2748 895 2780 ff.
914 2749 1036 2794 34-87:
1063 2748 1167 2789 prius
1183 2748 1331 2780 431—434.
1351 2747 1490 2780 Auctor
1513 2748 1636 2781 utitur
1651 2749 1717 2781 ali-

78 2799 218 2840 quibus
241 2800 364 2832 verbis
388 2809 454 2832 seu
477 2800 605 2832 formis
629 2801 974 2842 grammaticalibus
999 2801 1267 2842 singularibus,
1290 2802 1331 2832 ut
1354 2801 1541 2841 giovana,
1567 2801 1716 2834 cittano

79 2854 166 2889 etc:
192 2853 257 2885 sed
280 2862 364 2886 cum
388 2854 550 2895 epistula
574 2854 624 2886 sit
658 2854 906 2896 autographa,
933 2855 1029 2887 clare
1064 2855 1214 2895 scripta,
1240 2855 1275 2886 et
1299 2855 1430 2886 auctor
1463 2854 1590 2894 italus,
1616 2855 1716 2887 colli-

79 2915 163 2948 gere
188 2916 387 2948 possumus
411 2908 547 2939 formas
572 2908 655 2939 illas
680 2908 843 2940 usitatas
867 2918 948 2940 esse
972 2909 1061 2940 tunc
1086 2908 1262 2948 temporis
1288 2908 1325 2939 in
1350 2907 1414 2939 illa
1437 2908 1601 2949 regione.

141 2962 153 2979 2
176 2960 213 2993 P.
242 2960 373 2993 Lainez
397 2961 436 2993 in
462 2961 595 2993 itinere
619 2961 764 3002 gallico.
791 2962 941 3003 quando
965 2962 1063 2993 card.
1084 2961 1353 2993 Fen-ariensem
1371 2961 1571 2993 comitatus
1587 2962 1644 2994 est
1668 2962 1714 2994 ad

79 3013 305 3054 colloquium
340 3014 379 3046 in
410 3014 546 3055 oppido
576 3014 718 3055 Poissy.
758 3014 962 3047 Ferrariam
998 3014 1227 3056 pertransiit.
1264 3014 1315 3046 Cf.
1355 3013 1500 3046 Lainii
1538 3013 1713 3048 Monuni.

80 3066 122 3106 V,
147 3067 221 3107 636,
246 3068 318 3100 638.

152 3155 312 3185 LITTERAE
339 3156 615 3191 QuAanEs‘rREs.
638 3174 669 3177 —
690 3158 770 3186 ΤοΜ.
792 3158 848 3185 VII
1608 3159 1644 3187 49
