2028 3531
353 276 422 313 706
828 279 1034 315 LITTERAE
1061 280 1405 323 QUADmMEs‘ars

1073 498 1171 545 613

696 637 1085 686 ALVARUS
1141 594 1239 686 DE
1295 636 1550 686 ORIVE

775 785 1047 811 VALLISOLETO
1073 775 1095 810 6
1122 784 1310 810 IANUARII
1338 774 1428 810 15602
1455 775 1478 810 ¹.

303 899 339 933 1.
370 894 601 934 Sociorum
644 907 874 933 numerus.
920 895 1146 944 Religiosa
1178 894 1432 943 disciplina.
1464 894 1665 933 Admissi
1705 897 1755 934 in
1785 895 1924 935 Socie-

410 961 556 999 tatem.
594 960 835 998 Canditati.
870 960 1245 998 Scholasticorum
1273 959 1510 1008 profectus.
1535 981 1583 985 -—
1615 963 1656 998 2.
1691 959 1924 1000 Contiones

404 1026 631 1075 plurimae
659 1036 734 1062 nec
763 1036 853 1062 uno
886 1024 990 1069 loco,
1013 1023 1262 1073 crebrisque
1292 1023 1573 1062 auditoribus
1599 1025 1769 1073 yratae,
1794 1037 1924 1074 prae-

407 1091 563 1128 sertim
607 1089 763 1127 Patris
811 1089 1042 1127 Gutierree
1072 1089 1191 1138 apud
1233 1090 1383 1126 curiae
1429 1088 1752 1136 administros,-
1795 1091 1923 1129 cuius

406 1156 541 1194 etiam
571 1155 756 1194 consilio
788 1154 933 1192 multa
963 1154 1073 1192 bona
1103 1155 1151 1192 in
1181 1153 1433 1192 carceribus
1462 1154 1585 1203 gesta
1614 1155 1733 1194 sunt.
1755 1177 1805 1180 —
1827 1158 1922 1194 3-4.

406 1221 487 1258 Lis
516 1232 650 1269 quam
677 1232 758 1269 pro
782 1220 1038 1269 placentino
1068 1219 1248 1268 collegio
1274 1219 1561 1268 persequitur
1589 1218 1640 1257 P.
1678 1218 1920 1268 Grutierrez,

406 1283 639 1323 Societatis
667 1285 992 1323 emistimatioui
1021 1296 1108 1322 non
1149 1284 1276 1321 modo
1305 1296 1395 1322 non
1439 1283 1566 1331 obest,
1598 1296 1753 1323 verum
1786 1297 1923 1324 causa

405 1352 594 1389 maioris
624 1350 945 1388 benevolentiae
974 1350 1050 1387 est.
1075 1350 1312 1387 Auatilium
1338 1350 1610 1398 praestitum
1630 1351 1721 1388 reis
1750 1350 1799 1388 ob
1827 1363 1921 1400 pec-

405 1417 504 1454 cata
532 1417 581 1453 in
602 1415 730 1464 fidem
758 1415 1012 1464 plectendis.
1036 1437 1086 1439 —
1107 1418 1148 1452 5.
1175 1414 1542 1453 Circumcisionis
1562 1415 1725 1464 festum
1745 1415 1920 1454 sollem-

404 1481 511 1519 nius
541 1481 700 1518 actum.
731 1502 782 1505 —
811 1483 852 1517 6.
883 1479 1192 1517 Accedentium
1223 1479 1280 1517 ad
1316 1479 1601 1517 sacramenta
1641 1481 1800 1530 ingens
1841 1492 1921 1519 nu-

405 1557 571 1584 merus.
595 1567 645 1570 —
668 1548 708 1582 ¹7.
735 1544 942 1583 Graviter
963 1545 1295 1594 aem-ommium
1317 1556 1439 1582 cura.
1464 1565 1514 1569 —
1535 1548 1576 1582 8.
1598 1544 1708 1583 Acta
1726 1546 1776 1583 in
1796 1544 1921 1584 urbis

403 1610 620 1649 incendio.
658 1632 702 1636 —
733 1613 773 1648 9.
804 1609 1187 1648 Xenodochioram
1218 1610 1432 1647 visitatio.
1464 1631 1516 1634 ——
1544 1613 1615 1648 10.
1647 1609 1774 1648 Fidei
1804 1610 1919 1648 chri-

403 1676 579 1714 stianae
624 1675 882 1713 rudimenta
921 1687 1001 1724 per
1049 1676 1160 1712 vicos
1191 1675 1416 1712 docentur.
1462 1674 1602 1713 Paces
1631 1675 1750 1713 inter
1788 1675 1919 1727 dissif

406 1740 554 1778 dentes
584 1740 925 1789 componuntur.
951 1761 998 1764 ή-
1036 1743 1099 1777 11.
1130 1740 1360 1777 Eoecmsus
1399 1741 1447 1777 in
1477 1740 1674 1778 vicinum
1709 1740 1919 1790 oppidum

403 1806 570 1843 occasio
600 1805 903 1843 conversionis
927 1805 1172 1853 peccatoris
1202 1803 1546 1842 obstinatissimi
1575 1805 1652 1842 est.

377 1928 413 1967 1.
448 1927 536 1967 Ihs.
570 1926 821 1966 Admodum
853 1925 947 1966 R.d0·
978 1926 1024 1965 in
1067 1926 1195 1966 Chro.
1230 1927 1299 1965 Pr.
1333 1926 1424 1966 Pax
1463 1925 1627 1966 Christi
1671 1929 1752 1967 etc.
1786 1926 1919 1979 [Duo-

298 1993 543 2043 detriyinta
572 1995 681 2032 socii
724 1993 959 2043 collegium
1002 1993 1215 2040 incolunt,
1249 1994 1324 2042 qui
1362 2005 1525 2040 omnes,
1557 1994 1688 2032 unico
1731 1994 1916 2044 excepto,

298 2058 399 2097 bene
429 2059 607 2107 valent;
637 2070 873 2107 omnesque
903 2058 960 2096 ad
986 2058 1297 2107 perfectionem
1341 2059 1516 2096 ratione
1545 2058 1585 2096 et
1614 2070 1736 2097 more
1764 2059 1917 2098 nostro

296 2121 597 2173 contendunt]
630 2121 691 2160 Ex
721 2121 932 2172 quinque,
963 2123 1055 2160 tum
1088 2121 1380 2169 scholasticis,
1413 2124 1507 2161 tum
1536 2121 1722 2167 clericis,
1753 2122 1916 2173 quibus

295 2186 502 2225 exercitia
532 2185 785 2236 spiritualia
814 2187 918 2224 sunt
947 2185 1124 2229 tradita,
1149 2197 1266 2225 unus
1287 2186 1331 2224 in
1353 2188 1553 2225 nostrum
1576 2186 1917 2226 contubernium

295 2252 360 2290 est
402 2252 633 2301 coaptatus
653 2258 685 2298 a,
718 2250 855 2289 sacris
886 2250 1088 2289 initiatus
1131 2250 1379 2294 ordinibus,
1411 2250 1574 2302 quique
1609 2251 1917 2302 grammatices

294 2317 426 2367 atque
455 2315 698 2355 rethoricae
728 2315 979 2354 facultatem
1012 2327 1099 2354 non
1124 2316 1399 2355 mediocriter
1419 2317 1561 2355 fuerat
1581 2316 1820 2367 professus,
1844 2316 1917 2356 fiet

294 2380 385 2420 Deo
415 2380 514 2431 Opt.
547 2381 659 2420 Max.
692 2380 816 2427 duce,
845 2382 893 2419 ut
922 2380 1268 2430 expectationem
1290 2393 1421 2431 quam
1443 2381 1496 2420 de
1517 2381 1594 2420 illo
1615 2381 1913 2432 concepimus,

295 2446 366 2485 uel
397 2446 563 2493 uincat‚
595 2446 667 2485 uel
706 2445 855 2485 saltim
899 2447 1055 2496 aequet
1083 2446 1112 2484 2.
1146 2445 1221 2484 Est
1263 2448 1457 2496 preterea
1487 2446 1604 2486 alius
1641 2446 1912 2495 adolescens,

293 2511 370 2562 qui
402 2511 685 2550 uehementer
730 2512 852 2560 optat
882 2510 928 2548 in
958 2510 1218 2549 Societatem
1267 2512 1464 2550 nostram
1503 2510 1692 2560 admitti,
1742 2522 1822 2551 nec
1868 2523 1914 2551 se

355 2688 374 2707 a
394 2679 462 2713 Sic
484 2679 517 2711 A
541 2681 578 2712 et
599 2679 633 2712 B
649 2688 725 2721 pro
749 2679 954 2721 cooptatus.

354 2848 363 2865 ¹
387 2846 440 2878 Ex
463 2846 621 2887 autogr„
646 2845 688 2877 ut
713 2840 860 2877 videtur
885 2844 964 2885 (A),
990 2844 1028 2876 in
1052 2845 1129 2877 cod.
1154 2844 1267 2887 Hisp.
1292 2846 1352 2883 99,
1378 2847 1397 2878 2
1418 2846 1454 2879 ff.
1473 2856 1535 2879 nn.
1560 2847 1611 2887 29,
1628 2847 1690 2886 30;
1716 2846 1820 2888 prius
1835 2846 1908 2879 404.

292 2899 355 2931 Est
378 2899 480 2931 aliud
503 2898 710 2940 exemplum
743 2897 905 2929 latinum
929 2897 994 2939 (B)
1018 2898 1057 2929 in
1092 2898 1127 2930 ff.
1152 2899 1202 2937 32,
1227 2899 1278 2938 33,
1304 2900 1342 2931 in
1376 2909 1450 2941 quo
1483 2900 1612 2941 aliqua
1633 2899 1745 2932 verba
1771 2899 1909 2932 rectius

291 2953 363 2984 scri
392 2953 430 2984 ta
453 2952 553 2984 sunt.

353 2962 543 3037 2pVidetur
565 3004 625 3045 agi
649 3004 693 3036 de
716 3003 752 3035 P.
779 3002 973 3035 Melchiore
996 3003 1039 3036 de
1062 3003 1117 3036 las
1141 3004 1294 3045 Cuems,
1319 3005 1384 3046 qui
1407 3006 1491 3047 post
1520 3014 1657 3047 paucos
1680 3014 1825 3038 menses
1847 3004 1909 3038 So-

290 3057 461 3091 cietatem
484 3057 648 3098 reliquit,
674 3057 715 3088 ut
738 3056 861 3097 colligi
884 3057 1006 3096 potest
1029 3065 1073 3088 ex
1096 3057 1174 3089 cod.
1203 3057 1303 3090 Cast.
1329 3058 1386 3095 13,
1411 3057 1446 3091 ff.
1473 3059 1512 3090 16
1534 3059 1570 3091 et
1591 3057 1689 3090 42bis
1705 3083 1712 3091 .
