2028 3531
347 273 431 307 x'lll
989 272 1221 309 ΡΗΑΕΡΑΤΙΟ

293 391 561 430 (lescubierto
604 391 744 441 alyun
792 391 951 441 defecto
997 404 1108 443 suyo
1211 408 1231 428 »
1273 394 1300 431 ¹.
1351 393 1557 431 Pronum
1607 394 1669 432 est
1716 394 1911 443 cogitare

290 468 601 506 Provinciales
646 468 747 507 huic
793 470 860 507 rei
904 470 1074 507 maiore
1116 482 1225 508 cura
1253 470 1531 518 inviqilasse.
1562 470 1624 508 De
1655 468 1743 509 Sto.
1774 470 1908 509 Petro

297 543 490 590 Canisio‚
526 543 793 583 Germaniae
823 543 1079 594 Superioris
1106 546 1399 592 Provinciali,
1423 545 1508 583 duo
1529 546 1634 584 haec
1655 546 1911 585 testimonia

288 621 492 669 proferre
519 621 659 658 iuvat.
691 621 744 659 P.
777 621 1015 659 Hurtadus
1062 621 1197 660 Perea
1244 623 1293 660 in
1342 622 1504 660 litteris
1552 621 1670 660 datis
1704 622 1911 671 Augusta

293 696 361 734 die
391 698 441 735 15
472 697 633 736 Martii
662 710 714 736 ex
743 699 1052 737 commissione
1081 698 1132 736 P.
1169 697 1341 737 Canisii
1372 698 1428 736 ad
1462 698 1513 736 Ρ.
1554 697 1814 736 Generalem
1845 698 1909 736 di-

292 775 378 812 cit:
428 788 447 806 «
553 775 614 812 Le
644 774 971 824 quadrimestre
1017 775 1068 814 de
1106 776 1274 814 Vienna
1320 777 1359 814 et
1388 776 1542 824 Prasja
1573 775 1708 824 furno
1737 776 1909 813 riman-

293 851 391 889 date
433 852 505 889 che
554 852 590 889 le
637 852 956 899 emendassero,
1007 853 1046 891 et
1090 854 1194 902 pero
1241 865 1323 891 son
1369 853 1481 891 state
1529 852 1716 900 differite
1815 867 1835 886 »
1880 852 1908 890 Ξ.

291 928 344 965 P.
376 929 572 966 Ioannes
602 928 652 967 de
689 929 895 978 Victoria,
927 930 1100 979 collegii
1129 929 1470 968 vindobonensis
1499 930 1653 977 rector,
1677 930 1724 966 in
1747 928 1911 967 litteris

291 1005 482 1043 Romam
511 1006 664 1043 missis
693 1005 762 1044 die
789 1007 841 1044 30
869 1006 983 1044 Iulii
1011 1008 1120 1044 1561
1150 1006 1207 1044 ad
1254 1006 1304 1044 P.
1342 1005 1706 1055 Christophorum
1737 1005 1787 1043 de
1816 1005 1911 1042 Ma-

293 1081 407 1128 drid,
438 1081 541 1120 haec
570 1082 806 1121 scribebat:
837 1097 857 1115 «
965 1083 1026 1120 Le
1064 1082 1395 1129 Quadrimestre
1425 1083 1496 1121 che
1524 1083 1571 1121 V.
1594 1083 1646 1120 R.
1672 1081 1908 1128 domanda,

293 1158 327 1195 il
356 1157 408 1196 P.
439 1158 724 1197 Provinciale
755 1157 820 1208 [S.
853 1159 1016 1198 Petrus
1049 1157 1280 1209 Canisius]
1312 1160 1370 1198 ha
1397 1160 1532 1198 hauto
1566 1171 1649 1197 vno
1693 1158 1911 1207 exempla-

293 1245 352 1282 re,
384 1233 537 1272 bench&
565 1246 702 1273 erano
731 1236 834 1284 fatti
864 1235 985 1282 dieci,
1029 1237 1136 1285 pero
1174 1248 1264 1274 non
1293 1236 1408 1274 hano
1438 1236 1621 1281 seruito‚
1654 1235 1693 1273 et
1723 1236 1813 1272 cosi
1846 1234 1911 1272 lm·

296 1309 353 1347 ha
377 1311 567 1359 piyliato
596 1311 632 1349 il
663 1313 862 1350 assumto
893 1312 942 1349 de
970 1312 1233 1360 riformarle
1272 1312 1311 1350 et
1351 1312 1468 1360 farte
1496 1313 1779 1361 racopiare...
1814 1326 1833 1344 »
1881 1310 1907 1348 ³.

298 1386 410 1432 Quia
440 1387 488 1425 ob
516 1387 674 1426 Patris
704 1387 892 1426 Polanci
921 1389 1164 1426 discessum
1195 1389 1367 1427 litterae
1396 1400 1485 1427 non
1517 1388 1715 1437 amplius
1744 1388 1911 1425 Romae

294 1465 460 1512 corrigi
490 1464 706 1511 debebant,
738 1465 959 1503 decretum
988 1465 1065 1511 est,
1097 1466 1147 1503 ut
1173 1466 1351 1514 praeter
1387 1465 1637 1514 exemplum
1671 1466 1719 1502 in
1757 1463 1910 1502 Urbem

293 1540 495 1586 missum,
527 1540 728 1590 exempla
757 1540 917 1578 directe
946 1553 998 1579 ex
1026 1553 1120 1579 una
1143 1542 1378 1590 provincia
1424 1542 1473 1578 in
1517 1540 1657 1578 aliam
1686 1540 1911 1577 mitteren-

292 1617 390 1654 tur:
424 1616 539 1665 quod
569 1617 715 1655 tamen
745 1629 851 1655 raro
879 1618 929 1655 in
961 1617 1123 1655 litteris
1150 1617 1286 1656 huius
1314 1618 1558 1655 voluminis
1588 1617 1783 1666 apparet,
1811 1628 1910 1653 cum

292 1704 374 1730 nos
401 1694 649 1742 generatim
679 1694 880 1743 exempla
909 1695 956 1732 in
993 1694 1147 1732 Urbem
1194 1695 1334 1732 missa
1372 1705 1483 1743 prae
1512 1692 1722 1731 manibus
1752 1691 1909 1729 habue-

292 1770 452 1808 rimus.

403 1845 577 1884 Codices
605 1859 658 1885 eae
687 1847 844 1896 quibus
872 1847 953 1885 has
984 1847 1157 1885 litteras
1205 1847 1571 1896 deprompsimus,
1610 1847 1702 1884 sive
1751 1844 1910 1894 quibus

294 1922 350 1960 ad
379 1935 453 1961 eas
483 1923 786 1962 illustrandas
813 1926 887 1962 usi
933 1936 1104 1970 smmis,
1139 1924 1273 1962 iidem
1303 1925 1392 1973 fere
1438 1924 1558 1972 sunt,
1607 1924 1684 1972 qui
1726 1923 1773 1960 in
1804 1919 1906 1958 Litt.

293 1997 519 2047 Quadrim.
559 2001 603 2048 V,
636 2002 837 2048 967-970,
869 2002 908 2039 et
937 1999 1038 2039 Litt.
1072 1999 1297 2049 Quadrim.
1338 2001 1408 2047 VI,
1436 2012 1538 2050 pay.
1566 2000 1657 2038 VII
1684 2009 1909 2037 recensen-

294 2076 381 2113 tur.
414 2076 482 2114 Ad
511 2078 660 2115 maius
690 2078 838 2115 tamen
858 2077 1135 2115 commodum
1158 2077 1370 2115 lectorum
1386 2076 1567 2123 brevem,
1589 2075 1664 2113 sed
1684 2075 1910 2124 integrum

293 2154 546 2203 cataloyum
574 2155 643 2193 hic
672 2154 929 2193 subicimus.

396 2314 405 2330 ¹
430 2311 480 2344 Cf.
504 2312 650 2344 Lainii
672 2312 844 2349 Monuni,
870 2313 911 2352 V,
936 2313 987 2345 36.

394 2367 406 2384 ²
429 2364 480 2398 Cf.
505 2365 819 2398 BRAUNSBERGER:
843 2366 887 2398 B.
912 2365 1022 2398 Petri
1048 2365 1204 2398 Canisii
1228 2365 1364 2407 Epist„
1390 2365 1452 2405 ΙΙΙ,
1478 2366 1529 2398 74.

394 2420 407 2437 ³
428 2418 573 2450 Lainii
595 2418 780 2456 Monuni„
806 2419 848 2458 V,
872 2420 943 2451 651.
