2028 3531
604 276 684 313 5020.
713 294 755 301 —
784 276 929 313 PRAGA
954 277 978 312 4
1002 276 1103 313 ΜΑ11
1131 277 1217 313 1561
1608 278 1679 314 (295

174 397 234 438 11.
266 396 315 436 El
340 396 538 436 material
559 396 630 436 del
650 395 838 446 collegio
859 408 944 435 uaa
966 407 1070 447 muy
1091 396 1318 444 adelante;
1342 396 1468 436 estun
1489 396 1655 436 hechos
1674 398 1727 436 54

91 461 324 502 cubiculos
367 473 421 501 en
465 473 526 501 un
574 462 690 501 buen
734 460 879 510 laneo,
911 472 996 512 que
1038 461 1133 500 esta
1175 461 1316 501 hecho
1347 462 1417 501 del
1447 461 1723 502 dormitorio.

92 527 241 578 Agora
262 537 309 566 se
329 527 477 566 andan
499 525 829 578 guarneciendo
849 525 917 565 las
937 526 1122 576 paredes
1143 539 1169 578 y
1190 526 1401 566 forrando
1422 527 1489 566 las
1509 526 1723 567 camaras.

93 591 269 643 [Preces
279 624 284 628 .
291 591 528 644 postulat.]

200 657 262 697 De
291 656 499 697 Coimhra
527 658 553 696 4
581 657 634 697 de
664 656 779 696 Maio
808 656 862 696 de
906 657 1006 696 1561
1052 659 1209 697 annos.
1242 657 1329 697 Por
1370 657 1613 698 comission
1655 658 1726 698 del

91 722 162 762 P.e
199 722 364 774 Miguel
393 723 447 762 de
480 722 605 763 Sosa.
639 722 829 774 Indigno
863 721 957 773 hij0
991 722 1045 762 de
1074 723 1125 762 V.
1160 723 1206 764 P.

941 853 1194 893 FRANclsco
1224 865 1279 893 DE
1309 854 1560 894 MONCLARO
1591 857 1618 895 1.

853 1131 966 1182 520

467 1291 520 1342 Ρ.
561 1291 904 1342 HENRICUS
953 1291 1356 1343 BLYSSEMIUS

670 1441 810 1467 PRAGA
835 1431 858 1466 4
884 1441 977 1467 MAII
1006 1431 1095 1467 1561
1122 1431 1147 1468 ².

90 1574 128 1608 1.
161 1570 223 1608 De
252 1570 469 1620 religiosa
500 1570 742 1620 disciplina
771 1571 945 1620 eyreyie
986 1571 1185 1619 florente.
1217 1572 1280 1609 De
1305 1583 1561 1621 pauperum
1600 1572 1730 1611 colle-

197 1637 270 1685 9ἱο
301 1635 341 1673 et
371 1635 421 1674 de
450 1635 790 1675 convictoribus.
821 1657 871 1662 -—
902 1640 944 1674 2.
975 1636 1167 1675 Alumni
1197 1648 1224 1675 a
1247 1637 1454 1686 principe
1500 1637 1540 1675 et
1568 1638 1730 1676 senatu

200 1700 384 1750 benigne
412 1701 586 1751 recepti,
632 1701 822 1740 illorum
854 1701 1010 1740 laudes
1052 1702 1258 1740 recitant.
1291 1723 1341 1728 -
1382 1705 1423 1740 3.
1454 1702 1730 1741 Litterariae

198 1767 553 1805 exercitationes.
585 1788 636 1793 —
664 1770 758 1805 4-5.
789 1766 1066 1817 Spiritualia
1096 1768 1276 1806 auxilia
1303 1769 1528 1818 proaeirnis
1566 1769 1731 1807 collata

199 1844 442 1882 eorumque
471 1833 662 1882 fructus.
713 1832 969 1872 Concursus
1009 1833 1066 1871 ad
1095 1834 1382 1872 sacramenta
1428 1834 1729 1884 suscipienda.

199 1897 329 1936 Libri
356 1897 683 1937 haereticorum
713 1898 927 1937 derelicti.
964 1898 1133 1948 Templi
1175 1899 1368 1938 ornatus
1397 1900 1564 1937 civium
1607 1898 1731 1938 bene-

200 1964 444 2002 volentiam
474 1965 608 2003 sociis
637 1964 860 2003 conciliat.
896 1964 1130 2003 Occasione
1159 1964 1394 2003 sollemnis
1430 1965 1731 2014 professionis

201 2029 296 2068 PP.
332 2030 504 2078 Hoffaei
547 2030 586 2068 et
631 2029 876 2080 Blsejssernii
897 2030 1058 2080 plures
1097 2029 1154 2068 ad
1183 2041 1363 2068 sacrani
1408 2030 1731 2069 eucharistiam

200 2095 427 2134 accedunt.
464 2095 656 2142 Quidam
686 2095 866 2134 aulicus
895 2095 1162 2144 spiritualia
1182 2096 1395 2134 exercitia
1411 2108 1511 2134 cuni
1529 2096 1732 2145 profectu

195 2161 390 2211 peragit.
418 2160 593 2210 Captivi
622 2161 662 2199 et
692 2161 864 2210 aegroti
880 2160 1176 2200 adiuvantur.
1195 2183 1247 2187 —
1268 2164 1310 2199 6.
1332 2161 1603 2211 Maynatum
1623 2173 1732 2212 erya

200 2227 343 2265 socios
372 2226 687 2265 benevolentia.
720 2248 770 2253 —
802 2230 846 2266 7.
876 2227 1034 2266 Pauca
1063 2226 1114 2265 de
1143 2227 1447 2266 oibinensibus
1475 2229 1623 2267 sociis.

176 2362 213 2402 1.
245 2363 275 2412 †
304 2362 397 2401 Pax
427 2362 528 2413 Xpi.
553 2363 634 2402 etc.
657 2361 754 2402 R.de
788 2363 919 2402 Pater
948 2361 995 2401 in
1025 2361 1216 2402 Christo.
1243 2361 1498 2414 [Epistulae
1528 2364 1731 2403 ordinem

93 2427 305 2480 indicat]
337 2427 563 2478 Quantum
594 2427 731 2479 igitur
759 2427 928 2480 singuli
972 2427 1019 2467 in
1049 2427 1244 2479 singulis
1273 2430 1451 2467 nostrae
1484 2428 1732 2468 uocationis

158 2650 169 2667 ¹
192 2647 285 2680 Vide
307 2648 404 2680 Litt.
433 2646 655 2688 Quadrim„
679 2648 723 2687 V,
747 2649 820 2681 251.

158 2703 171 2722 ²
192 2702 246 2734 Ex
269 2702 415 2743 autogr.
441 2702 480 2734 in
504 2702 583 2734 cod.
612 2700 741 2735 Germ.
765 2701 850 2739 139,
875 2701 911 2734 ff.
936 2702 1049 2742 75-76;
1075 2702 1180 2744 prius
1203 2702 1282 2739 26&
1307 2702 1480 2744 sequitur
1496 2701 1599 2734 aliud
1611 2709 1732 2734 exem-

95 2755 198 2798 plum
221 2755 261 2787 in
283 2754 320 2788 ff.
346 2755 455 2788 77-78.
495 2755 663 2788 Tertium
699 2755 909 2797 exemplum
945 2757 1002 2788 est
1039 2756 1079 2788 111
1102 2755 1182 2788 60(1.
1208 2755 1359 2788 Histor.
1383 2755 1468 2788 Soc.
1493 2754 1566 2787 170
1589 2754 1731 2796 (Epist.

100 2808 308 2849 Quadrim.
346 2809 540 2849 1547-52),
579 2818 615 2841 n.
656 2809 706 2842 17.
744 2808 787 2841 In
824 2809 948 2841 tribus
985 2809 1164 2850 exemplis
1212 2809 1447 2842 desideratur
1484 2817 1624 2848 annus;
1669 2807 1732 2840 sed

94 2862 242 2895 nullum
264 2861 422 2894 dubium
445 2862 538 2904 quin
561 2871 660 2894 anno
683 2862 761 2895 1561
787 2863 928 2904 scripta
944 2862 994 2895 sit
1010 2862 1186 2904 epistula,
1204 2871 1289 2895 cum
1305 2862 1457 2895 aliunde
1473 2862 1573 2894 certo
1589 2861 1734 2894 constet

95 2915 135 2948 P.
158 2915 408 2957 Blyssemium
431 2916 501 2948 hoc
524 2924 623 2948 anno
646 2915 860 2948 sollemnem
882 2915 1150 2958 professionem
1173 2916 1354 2949 emisisse.
1380 2915 1443 2948 Est
1467 2915 1581 2948 etiam
1604 2923 1732 2956 apogr.

96 2969 137 3002 in
159 2969 302 3002 archiv.
326 2969 509 3002 colonien.
534 2969 702 3011 (HANSEN
725 2969 749 3002 l.
774 2978 804 3002 c.
830 2970 917 3011 765),
942 2971 978 3002 et
1015 2969 1261 3003 Vindobonae
1297 2970 1337 3002 in
1374 2968 1554 3002 Biblioth.
1588 2968 1731 3001 nation.

97 3021 176 3055 cod.
202 3022 316 3055 13601.
341 3022 385 3055 In
408 3022 600 3064 aliquibus
623 3022 716 3055 locis
738 3021 870 3055 charta
892 3023 1114 3064 consumpta
1136 3023 1205 3063 est,
1231 3022 1295 3055 sed
1318 3022 1478 3062 litterae,
1516 3030 1613 3063 quae
1639 3021 1735 3053 desi-

97 3075 288 3116 derantur,
312 3074 422 3108 166116
444 3075 610 3118 suppleri
627 3076 798 3118 possunt.
815 3074 887 3108 Eas
903 3075 1003 3108 inter
1017 3075 1222 3118 quadratas
1236 3075 1480 3117 parentheses
1496 3074 1733 3108 inclusimus.
