2028 3531
343 273 413 309 6102
818 275 1022 312 er‘rERAE
1056 276 1401 322 QUADRIMESTRES

378 393 412 432 1.
448 392 538 431 Pax
560 392 723 432 Christi
756 393 934 433 Domini
965 397 1006 434 et
1036 397 1142 434 caet.
1178 395 1233 434 Vt
1254 396 1531 436 obedientiae
1551 399 1729 437 sanctae
1760 398 1916 438 faciam

295 457 419 503 salis,
452 455 544 497 Rd‘*
575 457 620 496 in
651 458 826 497 Christo
863 459 1004 502 Pater.
1028 460 1372 510 quadrimestres
1404 460 1568 509 literas,
1606 473 1693 512 qua
1723 463 1916 503 maxima

296 522 386 573 fierj
434 522 591 572 poterit
619 524 849 572 breuitate,
899 524 1113 571 scribam;
1145 525 1200 563 ab
1244 536 1295 563 eo
1337 525 1529 576 primum
1573 526 1765 574 ordiens,
1797 527 1916 578 quod

296 587 346 626 R.
371 586 418 626 Τ.
446 587 489 627 Ρ.
523 587 613 626 fore
634 588 935 638 gratissimum
967 591 1087 639 puto.
1112 588 1275 628 Sumus
1297 589 1341 628 in
1377 590 1459 629 hoc
1479 591 1665 641 collegio
1694 592 1745 631 55
1774 592 1916 632 Socie-

295 651 410 697 tatis.
445 653 576 702 atque
618 664 669 691 ex
713 653 776 692 eis
819 652 1068 692 sacerdotes
1100 653 1171 700 1Q3
1221 654 1419 705 magistri
1465 667 1552 694 non
1597 656 1845 696 sacerdotes
1873 658 1913 706 9,

295 716 549 767 magisterio
587 717 775 767 proximi
807 718 844 763 7,
880 717 1048 768 physici
1080 720 1118 760 ἑ),
1153 718 1283 769 logici
1313 719 1362 766 ὃς
1397 719 1638 759 rhetoricae
1667 721 1846 761 student
1874 723 1913 770 4,

294 783 447 832 poetae
489 782 526 831 3,
557 782 869 832 grammaticae
906 782 953 829 θὶς
999 785 1041 821 et
1068 783 1094 821 4
1123 785 1228 822 sunt
1256 783 1578 824 coadiutores1.
1612 785 1731 825 Licet
1768 789 1913 826 autem

294 846 469 896 aliquos
500 846 545 885 in
575 846 663 885 alia
700 847 887 897 collegia
917 847 1116 886 effundat
1147 848 1302 887 fratres
1332 848 1451 888 istud
1480 849 1733 900 collegium,
1766 851 1915 902 plures

294 911 440 950 tamen
470 922 602 961 quam
646 910 734 949 alio
778 911 1090 958 amandantur,
1122 911 1195 950 hic
1225 912 1432 952 Societati
1464 913 1728 964 Christoque
1757 927 1803 955 se
1832 918 1916 955 tra-

293 975 417 1015 dunt.
451 975 608 1014 Decem
630 975 807 1026 quidem
838 976 893 1014 ab
923 987 973 1015 eo
1005 978 1212 1026 tempore,
1236 988 1324 1027 quo
1354 978 1551 1028 proxime
1571 979 1916 1029 quadrimestres

293 1040 446 1080 literae
488 1040 677 1091 scriptae
722 1040 914 1087 fuerunt,
962 1040 1119 1091 partim
1164 1041 1387 1088 Treuiros,
1419 1043 1577 1093 partim
1624 1044 1912 1095 Moguntiam,

293 1105 452 1157 partim
483 1106 537 1144 ad
581 1105 734 1144 ducem
768 1105 1239 1151 brunsswicchensem,
1272 1107 1430 1157 partim
1474 1108 1664 1159 denique
1694 1109 1749 1148 ad
1780 1109 1830 1150 R.
1865 1110 1911 1150 P.

294 1171 471 1210 Petrum
502 1170 728 1210 Canisium
761 1170 805 1209 in
838 1170 1109 1220 superiorem
1141 1170 1423 1211 Germaniam
1455 1175 1559 1212 sunt
1581 1173 1719 1213 missi.
1753 1174 1913 1214 Verum

291 1247 458 1282 eorum,
490 1235 566 1286 qui
610 1235 799 1285 ingressi
842 1237 946 1274 sunt
975 1235 1114 1275 vincit
1144 1248 1377 1277 numerus:
1423 1237 1642 1288 siquidem
1687 1239 1746 1278 XI
1778 1248 1795 1263 Η
1842 1239 1915 1279 ad-

292 1299 417 1339 missi
447 1301 565 1345 sunt,
589 1299 634 1338 in
656 1299 820 1350 quibus
850 1301 915 1338 est
944 1299 1252 1339 dionantensis
1291 1301 1497 1341 sacerdos
1526 1303 1556 1350 2,
1588 1304 1765 1354 egregia
1793 1316 1915 1355 prae-

291 1364 449 1412 sentia,
494 1364 721 1415 physicam
767 1366 808 1403 et
851 1364 1198 1415 metaphysicam
1243 1365 1382 1414 audit,
1428 1367 1539 1406 bene
1581 1367 1737 1407 doctus
1780 1370 1821 1408 et
1859 1369 1912 1408 ad

291 1429 532 1480 regendum
562 1428 674 1467 alios
695 1440 776 1467 suo
796 1430 991 1479 tempore
1012 1431 1142 1479 aptus
1162 1429 1244 1469 erit
1283 1429 1319 1470 b.
1340 1430 1462 1470 Alter
1484 1443 1584 1470 vero
1605 1433 1914 1483 neomagensis

291 1496 371 1542 est,
403 1493 569 1533 iudicio
600 1493 748 1544 pollet,
782 1493 890 1532 bene
920 1493 1045 1533 docet
1073 1496 1115 1533 et
1143 1494 1446 1541 concionatur,
1479 1507 1628 1536 sacrae
1665 1497 1914 1548 theologiae

293 1558 619 1598 baccalaureus.
650 1558 825 1597 Tertius
855 1558 1053 1597 Tornaco
1078 1559 1195 1597 venit
1224 1571 1324 1598 cum
1355 1560 1405 1599 R.
1434 1560 1475 1600 P.
1509 1560 1704 1600 Antonio
1734 1563 1763 1609 ³,
1795 1562 1912 1613 apud

291 1636 397 1663 suos
426 1626 577 1674 pastor
606 1623 712 1669 fuit3
737 1623 809 1662 hic
830 1635 1007 1674 operam
1037 1623 1109 1662 dat
1140 1624 1323 1675 logicae,
1349 1625 1414 1664 vir
1442 1625 1495 1664 de
1524 1637 1612 1676 quo
1646 1627 1913 1677 sperandum

291 1690 371 1737 est,
403 1688 522 1739 quod
551 1688 606 1727 ad
638 1688 772 1727 multa
818 1699 867 1727 ac
899 1699 1057 1738 magna
1087 1689 1398 1728 accommodus
1427 1690 1509 1729 erit
1539 1693 1567 1730 4.
1592 1689 1785 1740 Quartus
1814 1703 1912 1731 neo—

292 1753 514 1805 magensis
543 1755 610 1793 est
657 1761 693 1800 6;
718 1753 789 1792 hic
819 1764 916 1792 cum
949 1753 995 1792 in
1038 1753 1179 1793 classe
1218 1754 1436 1794 rhetorica
1464 1758 1593 1803 esset,
1625 1756 1913 1797 declamando

291 1818 462 1866 floruit;
509 1818 596 1857 iam
643 1818 854 1869 physicus
896 1820 977 1867 est,
1009 1820 1050 1857 et
1079 1818 1125 1857 in
1156 1819 1304 1858 studio
1344 1820 1654 1871 philosophiae
1701 1821 1914 1862 foeliciter

291 1883 582 1935 progreditur.
626 1882 818 1932 Quintus
861 1884 902 1922 et
944 1885 1095 1922 sextus
1138 1883 1384 1923 leodienses
1428 1887 1546 1932 sunt,
1591 1887 1634 1925 et
1677 1886 1721 1925 in
1770 1887 1912 1938 logica

290 1949 442 1988 schola
473 1950 727 1988 versantur:
774 1947 1010 1999 diligentes
1052 1950 1158 1988 sunt
1186 1951 1227 1988 et
1255 1949 1448 2000 optimae
1477 1950 1654 1992 indolis.
1689 1951 1913 2003 Septimus

290 2015 357 2053 est
385 2013 671 2063 nouesianus,
702 2013 835 2052 frater
877 2013 927 2052 D.
971 2013 1230 2065 Hermannj,
1262 2014 1338 2065 qui
1388 2015 1479 2065 agit
1509 2014 1727 2063 Treueris,
1758 2016 1836 2068 qui
1866 2016 1912 2056 in

290 2090 476 2118 ascensu
508 2078 563 2118 ad
593 2078 856 2117 rhetoricam
887 2078 1044 2117 tertius
1073 2078 1228 2118 ordine
1258 2079 1363 2125 suin
1396 2080 1534 2130 pollet
1562 2080 1756 2131 ingenio,
1787 2083 1829 2121 et
1857 2081 1911 2121 ad

292 2155 456 2183 munus
485 2143 776 2194 concionandj
809 2143 918 2182 satis
957 2144 1024 2182 est
1053 2144 1284 2194 appositus
1313 2145 1342 2184 ⁵.
1375 2144 1571 2185 Octauus
1599 2147 1642 2185 et
1671 2158 1817 2186 nonus
1845 2158 1912 2186 oc·

289 2210 453 2259 cupant
481 2209 666 2248 classem
711 2208 1016 2257 humanitatis,
1058 2220 1246 2258 quorum
1290 2209 1400 2248 alter
1444 2210 1493 2250 R.
1540 2211 1586 2252 P.
1622 2211 1912 2262 prouincialis

289 2285 436 2313 comes
466 2273 638 2313 itineris
668 2273 774 2319 fuit;
807 2285 927 2312 nunc
946 2272 1287 2323 diligentissime
1309 2275 1468 2314 studet.
1494 2275 1699 2315 Decimus
1728 2278 1794 2315 est
1823 2289 1912 2316 mo-

289 2338 520 2389 guntinus,
552 2340 672 2378 totus
701 2350 927 2389 syncems,
960 2338 1137 2377 infimae
1170 2338 1341 2378 classis.
1375 2339 1659 2388 Vndecimus,
1682 2341 1784 2381 licet
1813 2344 1911 2392 poe-

348 2509 367 2528 ει
387 2500 436 2533 ΧΙ
459 2510 586 2542 supra
609 2510 780 2540 versum,
806 2501 925 2533 deleto
952 2501 1033 2533 alio
1055 2510 1164 2534 num.
1183 2520 1221 2523 —
1257 2501 1274 2527 b
1294 2502 1365 2534 erit
1397 2511 1523 2543 supra
1555 2511 1656 2536 vers,
1675 2522 1714 2526 ——
1731 2512 1745 2530 c
1766 2505 1822 2536 est
1844 2513 1910 2536 su-

281 2562 363 2594 pra
384 2562 486 2586 vers.
522 2554 607 2586 alia
630 2563 766 2585 manu.

349 2680 359 2696 ¹
382 2677 471 2710 Tres
493 2687 537 2710 ex
561 2678 868 2719 praecedentibus
891 2677 1003 2710 sociis
1026 2677 1065 2709 in
1089 2677 1227 2719 duplici
1252 2678 1363 2711 classi
1388 2679 1528 2711 includi
1545 2679 1691 2719 debent,
1706 2689 1752 2712 ne
1765 2689 1908 2713 summa

288 2740 482 2763 numerum
505 2731 545 2763 55
567 2731 731 2763 excedat.

348 2785 361 2803 Β
383 2783 435 2815 Ex
459 2784 506 2816 iis
539 2793 635 2825 quae
669 2785 757 2816 sunt
780 2784 878 2825 apud
907 2783 1057 2816 Hansen
1092 2784 1130 2824 (1.
1156 2793 1185 2816 c.
1210 2785 1282 2823 408,
1306 2785 1368 2816 450
1390 2785 1426 2817 et
1449 2785 1524 2826 777)
1548 2786 1693 2818 eruitur
1715 2786 1776 2827 agi
1799 2786 1844 2818 de
1867 2786 1904 2819 P.

287 2836 450 2869 Antonio
473 2837 616 2869 Adami.

348 2892 361 2908 ²³
383 2889 420 2922 P.
445 2890 633 2922 Antonius
656 2890 824 2922 Holletus
848 2890 1138 2922 Hannoniensis.
1163 2890 1214 2922 Cf.
1240 2890 1403 2930 HANSEN,
1428 2890 1451 2923 l.
1476 2900 1506 2923 c.
1530 2891 1603 2924 408.

347 2944 358 2961 ⁴
381 2943 537 2975 Videtur
559 2943 620 2975 hic
643 2943 758 2975 fuisse
792 2943 828 2975 P.
854 2943 1011 2975 Ioannes
1046 2942 1241 2975 Lamberti.
1267 2942 1318 2975 Cf.
1345 2943 1506 2982 HANsssN,
1532 2944 1554 2976 l.
1580 2953 1610 2976 c.
1634 2945 1707 2984 408,
1731 2945 1804 2985 450,
1829 2945 1902 2985 460,

287 2997 358 3036 777,
385 2997 456 3029 779.

349 3051 360 3069 ⁶
382 3049 514 3082 Petrus
536 3049 738 3092 Thyraeus.
