2028 3531
620 287 701 324 5020.
730 309 774 313 —
801 287 945 323 PRAGA
970 287 993 322 4
1021 286 1120 322 MA11
1148 287 1235 323 1561
1631 289 1701 325 0299

112 405 277 445 rectius
305 407 349 445 et
377 405 611 446 honestius
642 406 688 445 in
719 407 886 453 nostro,
918 417 1052 456 quam
1084 405 1130 444 in
1164 405 1261 445 suis
1289 405 1469 456 templis
1499 406 1665 457 peragi,
1698 418 1748 446 ac

112 470 298 522 proinde
327 482 374 510 se
405 471 619 521 templum
641 470 765 510 aliud
785 482 919 522 quam
941 472 1143 510 nostrum
1167 470 1446 522 frequentare
1467 470 1601 518 nolle,
1624 471 1749 510 dum—

115 535 244 575 modo
274 547 357 575 nos
392 536 438 575 in
484 536 717 587 utriusque
755 535 918 586 speciei
967 535 1328 575 communionem
1376 536 1744 575 consentiremus.

112 600 407 652 Sepulchrum
437 601 633 649 Domini,
664 600 784 652 quod
814 602 928 640 certe
972 600 1217 652 gloriosum
1249 612 1299 640 ac
1329 600 1617 652 magnificum
1648 600 1746 647 fuit,

112 677 212 705 cum
243 665 558 706 serenissimus
589 665 793 717 princeps
822 673 839 690 ²¹
862 665 949 717 pijS
980 665 1186 716 precibus
1208 677 1285 717 per
1310 665 1501 705 mediam
1541 666 1630 705 fere
1673 666 1750 705 ho-

113 742 206 770 ram
236 730 362 770 flexis
396 731 443 770 in
477 733 639 771 terram
682 731 888 782 genibus,
920 732 963 770 et
992 730 1167 770 liberali
1199 731 1249 770 10
1278 731 1519 770 talerorum
1562 731 1748 770 eleemo-

112 807 224 848 syna
258 796 514 844 honorauit,
546 798 640 836 tum
670 796 884 836 uniuersa
928 796 1071 847 Praga
1116 795 1380 848 [t]antopere
1418 795 1751 835 commendauit

112 863 176 909 ut,
207 863 425 913 quantum
456 862 775 910 intelleximus,
809 873 885 913 per
918 861 1146 901 Boemiam
1176 863 1218 901 et
1246 861 1442 913 quasdas
1485 860 1750 902 Germaniae

114 927 369 978 prouincias
399 927 714 979 uulgatissima
745 927 861 967 fama
893 929 1130 979 spargatur
1173 939 1405 979 nunquam
1439 927 1511 966 his
1540 927 1587 966 in
1617 927 1752 978 parti-

112 993 197 1032 bus
226 993 513 1043 sepulchrum
543 995 633 1032 tam
654 992 951 1033 honorificum
972 995 1015 1032 et
1034 993 1298 1032 admirabile
1319 992 1469 1042 uisum
1489 1004 1600 1032 esse.
1624 992 1750 1032 Vnde

111 1058 293 1110 quidam
338 1058 575 1110 peregrini,
616 1058 693 1110 qui
741 1070 792 1098 eo
835 1060 1032 1110 tempore
1075 1058 1181 1098 hinc
1224 1058 1475 1106 abfuerant,
1530 1069 1634 1109 prae
1685 1057 1749 1096 ni-

113 1123 203 1163 mia
236 1123 531 1163 admiratione
575 1124 844 1175 cupiuerunt
886 1135 910 1163 e
953 1123 1085 1163 nobis
1128 1123 1377 1175 intelligere
1419 1135 1614 1175 quanam
1657 1124 1750 1162 arte

112 1190 418 1229 constructum
448 1189 595 1236 fuerit,
627 1201 715 1240 qua
747 1188 797 1241 [⁶2]
830 1201 907 1240 per
949 1189 1177 1229 Boemiam
1220 1189 1331 1228 adeo
1360 1189 1619 1229 celebretur.
1649 1188 1751 1228 Plu-

113 1254 276 1294 rimum
305 1254 437 1294 etiam
469 1255 624 1306 populi
655 1255 940 1294 deuotionem
970 1254 1096 1294 auxit
1125 1254 1204 1294 illa
1238 1254 1463 1305 processio
1483 1266 1570 1306 qua
1592 1253 1751 1294 diebus

112 1319 287 1360 festiuis
307 1332 358 1360 ac
378 1320 617 1360 dominicis
637 1320 830 1360 letaniae
853 1319 1093 1371 figuratiua
1114 1319 1305 1360 melodia
1326 1320 1637 1367 decantantur,
1660 1331 1750 1371 quo

111 1384 231 1425 Deus
260 1385 411 1425 futuro
440 1385 631 1425 concilio
662 1385 860 1425 foelicem
894 1387 1105 1425 euentum
1136 1385 1375 1425 concedere
1406 1385 1529 1425 uelit.

192 1451 231 1491 5.
264 1451 317 1491 Et
345 1451 559 1503 quoniam
590 1451 749 1491 incidit
779 1451 946 1491 mentio
975 1451 1028 1490 de
1058 1451 1294 1490 hominum
1315 1453 1623 1490 extraneorum
1648 1462 1751 1502 erga

112 1518 316 1556 nostrum
346 1516 561 1568 templum
591 1516 846 1563 deuotione,
880 1528 971 1556 non
1001 1527 1185 1567 possum
1215 1516 1288 1555 hic
1327 1515 1628 1563 dissimulare,
1661 1526 1752 1554 non

113 1581 212 1621 dico
241 1581 386 1621 solum
417 1581 729 1633 frequentiam,
761 1581 838 1621 sed
869 1581 1143 1633 singularem
1165 1593 1343 1633 quoque
1364 1581 1572 1632 pietatem
1598 1592 1750 1620 eorum

113 1647 190 1699 qui
233 1647 289 1687 ad
332 1659 414 1687 nos
457 1646 783 1695 confluxerunt,
816 1647 997 1698 quando
1037 1647 1089 1687 R.
1124 1647 1195 1687 Pr.
1229 1648 1372 1686 rector
1400 1645 1418 1672 ¹³
1450 1648 1493 1686 et
1521 1658 1619 1698 ego,
1651 1646 1753 1686 licet

113 1712 474 1764 indignissimus,
506 1714 706 1752 nostram
750 1712 1073 1763 professionem
1114 1712 1374 1752 aederemus
1404 1713 1432 1751 ¹.
1465 1711 1650 1752 Sacrum
1685 1723 1753 1751 so-

113 1777 258 1818 lemne
301 1778 352 1817 R.
386 1777 437 1817 D.
470 1777 752 1829 praepositus
785 1779 815 1825 Ξ,
848 1777 1065 1817 adhibitis
1108 1776 1320 1817 ecclesiae
1363 1788 1471 1816 suae
1515 1776 1750 1824 ministris,

111 1843 367 1883 celebrauit.
401 1843 580 1882 Praeter
608 1843 908 1894 germanicam
944 1845 1159 1891 nostram,
1203 1842 1337 1882 etiam
1371 1842 1613 1882 boemicam
1651 1853 1753 1881 con-

113 1909 286 1949 cionem
324 1908 535 1949 dominus
577 1909 773 1948 decanus
802 1909 855 1948 de
899 1908 1134 1949 Societatis
1176 1908 1364 1960 origine,
1397 1909 1499 1958 fine,
1532 1907 1753 1948 institutis

113 1986 164 2014 ac
206 1975 418 2015 laudibus
460 1974 508 2014 in
550 1974 775 2014 auditorio
818 1974 1182 2026 frequentissimo
1230 1974 1402 2014 habuit.
1451 1973 1753 2013 Interfuerunt

113 2052 268 2080 omnes
297 2042 566 2092 protectores
595 2042 638 2080 et
666 2040 798 2080 amici
828 2039 971 2080 nostri
1001 2052 1102 2080 cum
1133 2040 1236 2091 aliis
1267 2039 1513 2079 baronibus
1547 2051 1598 2078 ac
1628 2038 1754 2078 nobi-

113 2106 233 2146 libus
264 2105 440 2154 multis;
473 2107 515 2145 et
544 2105 739 2157 quanuis
770 2105 1051 2157 praecedenti
1073 2105 1298 2145 dominica
1318 2107 1498 2156 propter
1519 2104 1753 2155 indulgen-

114 2171 201 2211 tias
231 2171 455 2223 plenarias
497 2171 707 2211 catholici
752 2171 958 2211 homines
1001 2170 1423 2219 communicassent,
1455 2169 1755 2210 nihilominus

116 2238 278 2284 tamen,
310 2237 427 2288 quod
459 2236 532 2276 hic
562 2236 816 2277 inauditum
841 2238 922 2285 est,
955 2236 1002 2276 in
1032 2236 1222 2288 gratiam
1244 2237 1422 2276 nostrae
1444 2234 1751 2287 professionis,

114 2314 228 2354 quae
257 2302 461 2353 sequenti
491 2302 716 2342 dominica
745 2302 1069 2350 celebrabatur,
1102 2302 1155 2341 60
1184 2313 1401 2353 personae
1444 2313 1601 2341 rursus
1635 2312 1752 2340 com-

115 2368 416 2408 municarunt.
450 2367 546 2417 Quo
576 2369 773 2419 tempore
818 2367 1001 2419 quidam
1045 2367 1179 2407 etiam
1223 2367 1499 2407 serenissimi
1537 2365 1753 2418 principis

115 2432 305 2479 aulicus,
337 2432 409 2472 uir
450 2432 739 2472 authoritatis
782 2444 873 2472 non
917 2432 1118 2484 exiguae,
1150 2431 1465 2483 spiritualibus
1507 2431 1626 2483 apud
1669 2440 1754 2469 nos

115 2498 338 2550 exercitiis
366 2498 428 2538 ita
458 2498 654 2545 uacauit,
686 2500 736 2538 ut
756 2498 943 2549 ipsemet
963 2497 1203 2549 aliquoties
1228 2509 1306 2549 per
1335 2497 1413 2537 illa
1442 2497 1530 2537 sibi
1560 2496 1754 2548 primum

116 2575 236 2603 nunc
265 2564 420 2604 oculos
448 2563 596 2603 cordis
623 2565 801 2614 apertos
844 2563 1144 2611 confiteretur,
1176 2575 1227 2603 ac
1255 2563 1387 2602 nobis
1430 2562 1551 2602 uitae
1593 2561 1754 2613 perfec-

115 2628 244 2668 tioris
272 2641 396 2681 spem
425 2629 564 2669 daret.
597 2627 879 2680 Quamquam
908 2628 1028 2669 enim
1059 2628 1115 2668 ad
1144 2628 1294 2668 aulam
1323 2628 1530 2668 consulto
1559 2626 1752 2677 redierit,

177 2822 197 2843 a
215 2814 408 2856 Sequitur
427 2823 464 2848 v.
488 2814 610 2847 oblitt.
634 2833 674 2837 —-
697 2814 716 2841 b
746 2814 881 2847 Rector
902 2823 1029 2855 supra
1051 2822 1155 2847 vers.

180 2982 191 3000 ¹
214 2981 253 3016 Ρ.
277 2982 416 3014 Paulus
439 2981 628 3022 Hoffaeus,
658 2982 792 3021 rector,
817 2982 854 3014 et
890 2981 929 3013 P.
967 2981 1198 3023 Blyssemius
1234 2980 1501 3022 professionem
1538 2978 1753 3011 sollemnem

117 3035 323 3068 emiserunt
345 3035 406 3068 die
429 3035 469 3068 16
490 3035 615 3067 Martii
640 3035 732 3075 1561,
757 3035 800 3067 ut
822 3043 869 3067 ex
890 3034 1045 3076 profess,
1070 3033 1318 3076 autographis
1344 3033 1503 3066 constat.

180 3089 193 3107 ²
214 3087 400 3120 Henricus
422 3086 654 3120 Scribonius
