2028 3531
452 286 533 322 583.
561 307 602 312 —
631 285 848 322 MONTULIA
874 284 921 321 30
946 284 1203 321 SEPTEMBRIS
1234 283 1318 318 1561
1594 282 1662 317 577

76 408 204 448 horto
233 407 322 447 situ
352 408 395 446 et
423 405 663 445 amenitate
702 403 909 447 iocundo,
951 401 1261 452 commodique
1301 412 1390 440 non
1426 399 1708 451 aspernendi,

78 472 263 524 penuria
292 482 509 522 aquarum
550 470 731 509 arbores
760 480 811 508 ac
840 468 1030 508 tenellae
1076 466 1303 517 plantulae
1346 466 1709 511 emarcescerent,

75 537 278 578 effectum
323 539 389 576 est
437 535 573 576 huius
618 534 951 574 illustrissimae
995 534 1223 571 matronae
1267 531 1423 582 copijs,
1470 532 1517 570 ut
1561 529 1713 569 effosis

75 602 297 644 cuniculis
326 601 527 653 operosis
556 600 853 651 scaturigines
887 598 1136 638 ebulientes
1170 596 1521 636 abundantiores
1560 595 1714 635 latices

75 667 328 715 effuderint,
362 666 690 718 pristinumque
720 665 885 705 fontem
915 662 1202 714 duplicarint.

155 733 194 773 4.
226 731 324 772 Non
355 731 508 771 multis
537 730 702 770 abhinc
735 730 893 770 diebus
932 727 1198 779 percelebris
1237 727 1419 778 quidam
1459 726 1712 777 theologus,

76 798 359 849 doctorisque
397 797 717 837 condecoratus
747 795 886 846 apice,
918 796 959 833 et
989 805 1139 833 sacrae
1179 792 1406 832 facultatis
1428 791 1657 843 proffesor,
1689 803 1714 830 a

78 863 255 904 Baetiae
285 862 576 902 vniuersitate
606 862 693 901 huc
722 872 768 900 se
797 859 1003 906 contulit,
1029 859 1140 898 miro
1167 858 1361 909 quodam
1392 857 1615 908 impulsus
1645 856 1716 896 de-

77 929 241 969 siderio
276 928 497 980 spiritalia
527 929 680 967 nostra
711 925 919 966 exercitia
962 924 1211 975 flagitandi,
1243 923 1373 963 cuius
1417 923 1547 962 Pater
1576 924 1717 962 rector

77 1006 177 1035 cum
198 993 432 1034 annuisset
453 992 584 1037 votis,
607 992 750 1043 excipi
772 991 891 1030 intra
910 991 1090 1030 domum
1115 989 1251 1029 iubet.
1278 989 1398 1028 Bone
1419 988 1553 1035 Deus,
1578 999 1717 1038 quan-

78 1062 173 1100 tum
204 1060 374 1099 fructus
407 1058 680 1109 decerpsisse
723 1057 769 1096 in
815 1056 1010 1107 singulis
1054 1054 1424 1094 meditationibus
1467 1054 1714 1096 confessus.

78 1125 282 1177 nihilque
312 1136 403 1164 non
432 1123 584 1164 mirari
614 1135 715 1162 cum
746 1122 942 1173 penitius
971 1120 1346 1171 contemplaretur
1376 1122 1525 1159 tantae
1555 1119 1718 1158 vtilita-

78 1191 137 1231 tis
166 1202 274 1239 rem,
307 1193 395 1229 tam
427 1189 638 1229 omnibus
676 1188 927 1228 absolutam
970 1186 1183 1234 numeris,
1224 1188 1402 1236 tamque
1445 1185 1500 1225 ad
1544 1185 1718 1236 spirita-

79 1257 162 1297 lem
201 1256 315 1295 viam
356 1254 699 1307 aggrediendam
740 1251 1272 1293 accommodatissimam:
1319 1251 1413 1290 fieri
1457 1250 1717 1301 neutiquam

80 1334 208 1374 posse
237 1321 481 1369 affirmans,
514 1321 758 1360 humanam
803 1321 993 1358 mentem
1038 1317 1226 1356 rationis
1272 1317 1442 1356 lumine
1487 1317 1719 1356 dumtaxat

78 1387 324 1433 suffultam,
356 1386 401 1426 id
432 1386 594 1433 valere,
642 1385 709 1424 vel
753 1384 981 1435 indagare,
1016 1383 1083 1422 vel
1116 1385 1205 1422 tam
1249 1382 1452 1433 apposite
1482 1382 1717 1421 concinare

79 1454 188 1493 citra
209 1451 403 1503 Spiritus
432 1451 583 1491 Sancti
615 1450 881 1502 peculiarem
903 1448 1118 1488 afflatum.
1145 1448 1291 1488 Huius
1312 1448 1513 1487 animum
1540 1448 1718 1499 aegrius

79 1517 350 1558 sollicitabat
388 1517 519 1564 nihil,
560 1528 694 1567 quam
734 1515 891 1566 degere
930 1526 1030 1554 cum
1072 1514 1237 1553 nostris
1267 1526 1357 1553 non
1389 1525 1533 1564 posse,
1566 1513 1716 1552 debito

81 1583 261 1635 quidem
291 1583 337 1622 in
368 1585 550 1622 matrem
583 1593 633 1621 ac
663 1583 831 1632 septem
863 1580 989 1619 valde
1021 1591 1236 1630 pauperes
1276 1591 1450 1618 sorores
1485 1590 1720 1630 germanas

82 1649 259 1701 pietatis
288 1649 436 1688 officio
467 1648 749 1687 reclamante.
785 1647 1097 1697 Ingressurum
1133 1647 1280 1684 tamen
1312 1644 1574 1684 Societatem
1606 1644 1722 1683 dice-

81 1715 171 1762 bat,
203 1714 337 1754 simul
368 1716 500 1765 atque
530 1714 586 1752 ab
616 1712 875 1752 huiusmodi
917 1711 1176 1750 retinaculis
1216 1722 1261 1749 se
1301 1710 1559 1761 expedierit,
1600 1709 1720 1761 quod

81 1780 296 1820 citissime
325 1779 417 1820 fore
448 1780 646 1831 putabat.

160 1846 200 1886 5.
232 1845 289 1886 Vt
317 1845 373 1885 ad
402 1844 600 1885 literaria
635 1844 845 1884 exercitia
888 1843 976 1882 iam
1020 1843 1199 1883 tandem
1242 1842 1516 1893 perueniam,
1549 1842 1596 1881 in
1626 1841 1722 1893 qui-

83 1912 167 1951 bus
197 1911 474 1951 cumulatum
508 1912 773 1961 prouentum
805 1911 979 1960 parant,
1003 1921 1116 1960 quos
1147 1909 1279 1947 habet
1310 1908 1415 1947 huic
1444 1907 1566 1958 operi
1597 1906 1722 1947 Chri-

83 1979 180 2018 stus
202 1977 397 2016 intentos
418 1988 468 2015 ac
488 1976 601 2015 fidos
631 1974 873 2026 operarios,
906 1974 1018 2014 illud
1050 1974 1269 2025 principio
1300 1974 1469 2013 dicam:
1501 1974 1723 2024 spectatae

83 2042 249 2082 indolis
269 2042 587 2089 adolescentes,
611 2040 688 2092 qui
710 2040 854 2080 tribus
885 2040 931 2079 in
960 2040 1182 2079 classibus
1215 2041 1462 2086 versantur,
1496 2037 1724 2089 octoginta

83 2120 194 2156 esse,
226 2109 268 2147 et
297 2119 348 2147 eo
377 2107 587 2158 amplius.
626 2105 767 2156 Quam
813 2105 1017 2156 ingentes
1062 2104 1245 2144 fecerint,
1275 2112 1291 2130 ³¹
1323 2103 1530 2155 permulti
1561 2103 1608 2142 in
1639 2102 1724 2141 vir-

84 2175 177 2213 tute
208 2184 486 2225 progressus,
517 2184 651 2224 quam
683 2172 860 2211 illorum
909 2171 1021 2210 facta
1066 2170 1357 2209 christianam
1404 2169 1631 2208 redoleant
1660 2168 1726 2207 di—

84 2238 336 2290 sciplinam,
369 2249 520 2278 eorum
561 2248 675 2288 quae
716 2236 882 2287 regulis
923 2236 1259 2287 prescribuntur
1288 2247 1383 2274 sese
1414 2235 1725 2274 obseruatores

84 2304 265 2344 sedulos
310 2305 573 2355 prestantes,
619 2314 843 2354 quamque
874 2301 891 2326 Ι)
920 2302 1140 2340 fraternae
1186 2300 1539 2347 beneuolentiae,
1585 2298 1724 2338 animi

85 2369 404 2409 submissionis
425 2370 558 2420 atque
579 2368 744 2407 amoris
765 2379 868 2418 erga
893 2367 1129 2418 magistros
1160 2378 1249 2405 non
1282 2365 1484 2416 vulgaria
1515 2364 1725 2415 prebeant

85 2435 365 2482 documenta,
408 2433 600 2473 scribere
653 2433 769 2472 nihil
815 2444 1024 2479 morarer,
1071 2432 1157 2471 nisi
1190 2432 1346 2471 scirem
1380 2433 1533 2470 nostra
1571 2430 1617 2469 in
1648 2428 1725 2469 So-

85 2500 241 2540 cietate
271 2512 506 2539 commune
536 2499 579 2538 id
611 2510 722 2546 esse,
769 2499 974 2550 nihilque
1019 2498 1259 2537 allaturum
1305 2497 1427 2536 noui.
1476 2495 1592 2535 Illud
1625 2506 1726 2534 vero

86 2566 248 2606 tacitus
279 2566 487 2617 preterire
518 2577 716 2616 nequeo:
750 2564 935 2604 Nullum
957 2564 1069 2604 aduc
1096 2564 1183 2603 fere
1215 2563 1376 2609 visum,
1408 2562 1484 2613 qui
1517 2561 1726 2600 vitiorum

55 2656 60 2666 ι
87 2631 543 2682 corruptissimorum,
567 2630 733 2682 quibus
754 2629 968 2669 effrenata
989 2629 1306 2668 commaculari
1328 2628 1439 2667 solet
1461 2635 1476 2653 0
1497 2627 1725 2673 iuuentus,

88 2697 147 2737 sit
176 2698 362 2737 affectus
405 2697 518 2736 labe.
566 2696 791 2735 Assiduus
821 2695 868 2734 in
900 2695 1063 2735 virtute
1093 2697 1135 2734 et
1165 2694 1417 2733 indefessus
1452 2693 1578 2732 labor
1607 2691 1728 2731 haud

87 2762 266 2814 quidem
303 2762 444 2802 literis
483 2761 700 2801 desidiam
747 2760 884 2811 parit3
933 2760 1043 2812 quin
1088 2760 1177 2799 imo
1222 2758 1578 2810 peruigilantiori
1622 2769 1728 2797 cura

88 2828 425 2880 directiorisque
456 2827 617 2867 mentis
662 2827 860 2878 impulsu
904 2826 1033 2865 libris
1077 2825 1357 2876 inuigilatur.
1392 2824 1476 2874 Qui
1508 2824 1552 2862 in
1583 2823 1727 2874 prima

88 2894 228 2934 classe
261 2895 507 2939 versantur,
540 2892 763 2932 scribendi
785 2892 901 2943 stylo
923 2903 1012 2930 non
1040 2891 1282 2931 occitanter
1312 2890 1605 2935 incumbunt3
1638 2888 1728 2928 sin-

148 3035 347 3069 aEmemz.
381 3044 429 3068 ex
460 3035 639 3068 fecerunt.
673 3051 715 3057 —
748 3033 766 3060 b
793 3033 865 3066 Ms.
896 3033 1033 3074 potins
1069 3041 1309 3074 quamquain.
1335 3051 1374 3054 —
1398 3041 1411 3058 ι’
1433 3032 1457 3063 2
1492 3040 1551 3063 vc.
1580 3039 1719 3072 praec.

90 3096 218 3131 supra
239 3098 343 3122 vers,

164 3177 324 3206 Lir'rnnffl
344 3178 622 3213 QUAanEsa-nss.
645 3192 678 3196 ——
698 3176 778 3204 Toni.
801 3174 868 3202 VII.
1623 3174 1656 3201 37
