2028 3531
505 275 586 311 565.
612 296 658 301 -
684 275 905 312 ΜοΝΑοῐ-ιιο
932 273 948 310 1
979 273 1236 310 ΞΕΡΤΕΜΒΒῙε
1265 273 1354 309 1561
1631 273 1702 310 473

114 394 280 442 omnia,
312 393 360 435 in
388 394 608 435 hereticos
637 393 794 434 incidit
822 392 1090 433 catechistas
1122 399 1156 440 ὃ,
1188 404 1212 432 a
1243 391 1410 443 quibus
1443 393 1486 432 et
1515 391 1749 432 institutus

114 461 158 500 et
185 459 363 500 demum
392 460 459 499 est
489 459 752 510 baptizatus.
781 457 890 499 Cum
921 459 1086 505 autem,
1109 457 1200 497 Deo
1230 456 1481 503 ordinante,
1504 456 1750 496 catholicos

114 525 251 565 semel
279 524 578 572 conuenisset,
603 525 723 576 quod
743 527 799 579 et·
814 523 901 575 ipsi
922 522 1102 563 hebraei
1125 534 1284 574 genere
1306 521 1324 547 b
1348 521 1410 572 (ni
1437 521 1584 571 fallor)
1606 523 1748 569 erant,

114 592 158 630 et
185 601 238 630 ex
267 589 324 642 iJ’s
361 589 602 630 discrimen
645 590 691 629 in
735 601 823 641 quo
853 590 1032 640 propter
1074 587 1294 628 haeresim
1337 588 1606 634 uersaretur,
1638 585 1750 626 didi-

113 654 262 703 cisset,
293 654 566 694 orthodoxos
595 655 718 695 illico
755 655 1061 706 praeceptores
1103 652 1383 704 quaerendos
1425 651 1512 691 sibi
1556 651 1747 702 putauit.

114 719 229 760 Dum
259 719 357 760 eius
386 727 401 746 0
435 719 496 760 rei
527 720 672 771 gratia
700 720 784 760 hac
813 719 860 759 in
891 718 1066 759 Italiam
1092 717 1283 758 transire
1312 716 1492 768 cogitat,
1533 716 1751 756 instinctu

113 786 156 825 et
184 796 322 824 suasu
351 785 633 836 quorundam
664 787 841 825 nostras
871 783 1057 823 accessit.
1086 783 1233 830 aedes,
1265 782 1427 833 suique
1470 781 1603 821 nobis
1645 792 1751 820 con-

114 849 202 900 silij
235 849 452 889 rationem
484 850 671 901 aperuit.
704 849 795 890 Nos
824 848 1095 890 adolescenti
1125 848 1323 899 decepto,
1355 849 1397 887 et
1434 847 1632 887 humano
1662 846 1751 885 iam

113 914 236 954 omni
266 915 489 966 praesidio
532 915 760 963 destituto,
792 914 1126 966 compatientes,
1159 913 1213 953 ad
1245 912 1341 952 dies
1374 913 1547 964 aliquot
1576 914 1751 952 susten·

113 979 299 1019 tandum
320 991 421 1019 eum
442 980 717 1027 curauimus,
740 982 789 1020 ut
808 982 850 1019 et
871 978 1137 1019 catholicam
1158 978 1326 1018 interea
1348 978 1476 1018 fidem
1504 977 1749 1024 doceretur,

113 1046 156 1084 et
197 1045 375 1096 plenius
404 1045 502 1085 eius
532 1046 664 1086 nobis
706 1045 896 1085 intentio
939 1045 1251 1085 innotesceret.
1285 1043 1481 1083 Tandem
1528 1044 1752 1093 vtcunque

113 1110 391 1161 exploratum
421 1113 463 1150 et
493 1112 728 1162 probatum
772 1111 920 1151 isthuc
963 1110 1229 1150 mittendum
1275 1108 1550 1160 putauimus,
1585 1107 1657 1147 vbi
1689 1118 1752 1146 re-

114 1175 276 1215 motior
304 1187 330 1215 a
358 1176 584 1216 scandalis
625 1179 668 1216 et
710 1176 951 1224 erroribus,
983 1175 1186 1215 securius
1228 1186 1364 1215 uerae
1408 1173 1642 1225 religionis
1671 1172 1751 1212 im-

114 1239 323 1280 bueretur
352 1241 632 1281 rudimentis.

192 1306 230 1345 4.
264 1306 439 1346 Fratres
468 1307 609 1346 nostri
640 1307 717 1358 qui
747 1318 925 1358 operam
957 1306 1065 1345 dant
1094 1305 1252 1353 literis,
1277 1306 1421 1345 bonos
1441 1306 1532 1344 tam
1553 1304 1600 1343 in
1630 1314 1752 1355 grae·

113 1370 192 1419 ciS,
224 1383 358 1422 quam
390 1371 436 1411 in
466 1372 620 1411 latinis
650 1372 847 1411 fecerunt
876 1383 1154 1422 progressus.
1180 1371 1236 1410 Hi
1267 1372 1440 1421 praeter
1468 1381 1600 1421 quam
1633 1367 1753 1420 quod

113 1438 272 1476 octauo
302 1448 480 1488 quoque
509 1437 581 1476 die
610 1437 657 1476 in
696 1437 938 1476 coenaculo
981 1438 1135 1476 nostro
1178 1436 1404 1475 orationes
1433 1437 1474 1474 et
1504 1434 1750 1481 contiones,

114 1503 204 1541 tam
247 1502 428 1550 latinas,
463 1515 597 1554 quam
641 1502 934 1554 germanicas,
982 1502 1235 1553 frequentes
1282 1513 1462 1553 quoque
1509 1500 1752 1540 lectionum

114 1567 400 1618 repetitiones
429 1570 471 1608 et
500 1568 830 1619 disputationes
859 1568 978 1607 intra
1007 1567 1276 1607 domesticos
1297 1567 1488 1618 parietes
1516 1578 1568 1605 ex
1598 1565 1754 1605 ordine

113 1634 156 1672 et
184 1632 380 1672 habeant
408 1635 450 1673 et
479 1634 688 1681 audiant,
722 1633 900 1684 publice
925 1633 1060 1672 etiam
1081 1633 1135 1672 ad
1158 1632 1420 1683 discipulos,
1443 1631 1623 1683 quando
1644 1629 1752 1669 ordo

114 1697 217 1737 illos
246 1698 441 1750 attingit,
473 1699 611 1738 latine
641 1700 863 1750 perorant.
897 1699 1226 1749 praeceptores,
1259 1698 1336 1749 qui
1380 1697 1601 1737 classibus
1632 1706 1753 1746 prae-

113 1765 233 1811 sunt,
265 1766 372 1803 sunt
401 1776 587 1804 numero
616 1766 729 1804 octo.
763 1763 927 1804 Omnes
948 1775 1028 1814 pro
1050 1763 1173 1804 uirili
1195 1764 1303 1803 dant
1323 1774 1501 1814 operam
1534 1764 1579 1801 vt
1608 1760 1752 1801 officio

113 1840 196 1869 suo
226 1829 519 1877 satisfaciant,
551 1832 594 1870 et
623 1830 840 1870 talentum
872 1829 1015 1869 sibia
1045 1829 1136 1869 Deo
1179 1829 1483 1869 concreditum
1526 1828 1638 1867 bene
1666 1825 1754 1866 col-

113 1894 260 1934 locent
287 1896 330 1934 et
359 1895 625 1946 expendant.
658 1895 864 1946 Dantque
893 1906 1089 1946 operam,
1114 1897 1161 1934 ut
1182 1906 1271 1933 non
1294 1905 1422 1933 secus
1443 1895 1576 1944 atque
1606 1894 1754 1943 patres

113 1959 323 2010 discipuli
353 1960 476 2011 ipsos
519 1960 769 2011 suspiciant
810 1962 943 2012 atque
977 1960 1240 2007 obseruent;
1273 1962 1314 1999 et
1344 1971 1441 1999 eam
1485 1970 1592 1998 sane
1634 1956 1753 2008 apud

113 2036 269 2065 omnes
312 2025 685 2065 existimationem
731 2025 899 2065 habent
941 2027 983 2066 et
1025 2025 1359 2072 authoritatem,
1391 2036 1526 2076 quam
1565 2022 1755 2074 possunt

114 2089 278 2130 habere
320 2091 575 2131 maximam.
608 2090 705 2141 Quo
747 2090 928 2142 quidem
972 2091 1035 2138 fit,
1074 2092 1117 2130 vt
1162 2102 1384 2130 nouorum
1427 2088 1753 2139 discipulorum

114 2168 277 2207 magna
305 2168 479 2207 semper
508 2156 560 2196 ad
593 2157 772 2197 scholas
806 2158 984 2196 nostras
1027 2156 1104 2196 fiat
1147 2155 1358 2204 accessio,
1390 2158 1433 2195 et
1462 2154 1548 2205 ipsi
1578 2154 1656 2205 qui
1686 2153 1753 2193 di-

114 2221 331 2272 sciplinae
360 2224 539 2262 nostrae
568 2222 862 2262 scholasticae
891 2221 1177 2273 impatientes
1199 2221 1386 2273 turpiter
1406 2219 1649 2271 aliquando
1671 2230 1753 2258 nos

113 2286 420 2334 deseruerunt,
452 2287 615 2327 mirum
645 2289 814 2338 quanta
844 2286 1114 2334 humilitate,
1143 2288 1252 2338 quot
1281 2288 1323 2326 et
1343 2285 1525 2337 quantis
1557 2283 1754 2324 melioris

114 2351 231 2391 vitae
259 2352 638 2403 promissionibus
676 2353 808 2393 nobis
838 2352 983 2400 factiS,
1016 2353 1124 2404 quot
1159 2351 1352 2402 denique
1382 2349 1753 2390 intercessoribus

113 2417 386 2466 subornatis,
417 2418 564 2458 denuo
593 2430 620 2458 a
649 2418 780 2458 nobis
825 2417 960 2469 recipi
992 2417 1234 2469 postulent.
1268 2416 1354 2467 Qui
1400 2428 1506 2456 uero
1536 2427 1589 2455 ex
1619 2415 1676 2466 ijs
1706 2414 1753 2453 in

115 2481 303 2533 gratiam
333 2485 439 2522 sunt
468 2483 646 2535 recepti,
678 2482 898 2523 eiusmodi
920 2482 1080 2522 mutati
1103 2482 1150 2521 in
1176 2481 1338 2521 melius
1359 2480 1498 2520 animi
1529 2479 1753 2531 specimen

115 2548 325 2598 praebere
354 2550 560 2600 pergunt,
591 2550 639 2588 vt
667 2548 782 2588 nulli
812 2548 1001 2588 dubium
1031 2559 1128 2588 esse
1157 2547 1315 2598 possit,
1343 2547 1454 2598 quin
1484 2544 1754 2596 aequissime

115 2624 235 2653 nunc
276 2613 330 2653 de
359 2613 455 2654 suis
500 2614 861 2665 praeceptoribus
903 2613 1115 2662 sentiant,
1147 2624 1262 2664 quos
1305 2615 1467 2652 temere
1509 2610 1753 2662 aliquando

114 2679 435 2730 contempsisse
465 2679 755 2727 videbantur;
789 2681 831 2718 et
860 2691 951 2719 non
984 2680 1333 2730 praeceptorum,
1365 2677 1438 2717 sed
1476 2676 1657 2728 propria
1686 2675 1753 2727 ip-

115 2755 267 2784 sorum
296 2744 427 2796 culpa
457 2745 638 2793 factum,
661 2745 781 2796 quod
801 2756 826 2784 a
847 2744 1016 2784 scholis
1036 2744 1281 2795 aliquando
1302 2743 1469 2783 nostris
1499 2740 1752 2782 defecerint.

115 2809 335 2861 Discipuli
365 2810 636 2850 vnanimiter
664 2821 819 2850 omnes
850 2810 1051 2861 impense
1071 2809 1292 2861 anxieque
1319 2808 1500 2848 student
1530 2809 1577 2847 ut
1609 2806 1753 2858 palae-

116 2876 233 2915 strae
275 2874 498 2915 literariae
541 2875 707 2915 milites
749 2874 1107 2915 exercitatissimi
1151 2874 1360 2914 euadant.
1403 2872 1644 2924 Speramus
1677 2882 1753 2911 eos

177 3084 196 3103 a
215 3076 378 3109 Emend.
403 3086 451 3109 ea:
465 3077 704 3111 cathecistas.
724 3096 763 3099 —
786 3077 805 3104 b
827 3051 909 3109 Del.
933 3077 1052 3109 erant.
1077 3095 1117 3099 —
1141 3085 1156 3103 c
1177 3075 1341 3108 Emend.
1356 3083 1405 3107 ex
1420 3074 1550 3107 huius.
