2028 3531
591 261 672 297 548.
700 279 742 285 —
771 260 915 297 PRAGA
941 260 989 297 Q5
1015 260 1201 296 Aucusm
1230 259 1317 295 1561
1663 261 1732 297 399

142 379 214 419 his
259 382 453 431 quatuor
499 380 730 420 mensibus
775 380 949 420 circiter
977 379 1056 418 2200
1097 378 1355 425 habuimus,
1400 390 1658 429 quanquam
1707 380 1779 419 hic

142 445 271 496 pauci
314 445 407 486 sint
435 453 453 472 ἃ
499 446 724 493 catholici,
765 445 841 485 sed
884 445 1116 496 pauciores
1158 444 1235 495 qui
1284 444 1537 495 frequenter
1579 445 1778 484 confiteri

141 511 328 550 soleant.
362 510 569 561 Quinque
612 510 795 562 insuper
838 510 1037 550 hussitas
1068 510 1187 549 Deus
1217 521 1293 560 per
1327 511 1582 548 nostrorum
1627 509 1780 549 indus-

141 575 306 628 tria[m]
338 576 393 615 ad
424 588 579 615 uerum
604 576 823 616 Ecclesiae
854 575 1075 614 tramitem
1107 574 1297 622 reduxit,
1322 576 1371 614 ut
1396 576 1561 613 taceam
1594 574 1647 613 de
1676 574 1780 625 alijs

141 640 362 692 pluribus,
394 640 470 692 qui
504 653 579 692 per
608 643 786 680 nostros
816 640 878 680 ita
907 642 1013 680 sunt
1055 639 1277 686 instructi,
1311 641 1357 679 ut
1394 640 1512 678 certo
1557 639 1780 690 promitte-

141 708 252 753 rent,
285 717 331 745 se
362 706 491 745 fidem
521 706 784 746 catholicam
818 705 1073 757 propediem
1122 705 1408 756 amplexuros
1437 716 1550 744 esse.
1584 704 1671 744 Nec
1701 704 1775 755 alij

141 771 302 817 desint,
347 771 424 822 qui
470 783 546 822 per
590 771 803 811 humilem
849 770 1167 822 poenitentiam
1200 770 1290 810 Deo
1325 772 1367 809 et
1397 770 1618 809 Ecclesiae
1661 770 1779 820 apud

142 848 224 876 nos
267 836 541 876 reconciliati
572 836 590 862 b
629 838 749 883 sunt,
794 848 984 887 quorum
1031 848 1148 876 unus
1178 848 1202 875 a
1246 835 1571 887 quinquennio,
1604 835 1721 875 alius
1755 847 1780 874 a

141 901 389 952 septennio,
412 902 530 941 alius
551 914 726 942 rursum
752 902 1070 952 propemodum
1092 901 1358 952 decrepitus,
1385 912 1460 951 per
1480 902 1614 939 totam
1640 900 1778 940 uitam

142 978 232 1006 non
262 966 404 1006 fuerat
434 967 689 1013 confessus,
723 978 803 1006 nec
833 967 978 1006 solum
1010 966 1250 1006 confitendi
1282 965 1516 1013 rationem,
1540 965 1617 1004 sed
1647 965 1780 1004 etiam

141 1033 225 1071 sub
256 1044 342 1071 una
374 1032 445 1071 uel
478 1034 666 1083 utraque
695 1032 841 1082 specie
871 1031 1230 1071 communicandi
1265 1039 1279 1057 ⁰
1325 1031 1566 1070 discrimen
1602 1030 1781 1081 penitus

140 1097 391 1148 ignorabat,
424 1098 525 1137 licet
573 1097 750 1136 interim
799 1108 846 1136 se
888 1097 1159 1136 catholicum
1203 1108 1299 1136 esse
1342 1097 1532 1147 putaret.
1579 1096 1782 1147 Augetur

140 1161 274 1202 etiam
306 1162 522 1213 paulatim
552 1162 786 1202 hominum
817 1163 1038 1201 bonorum
1069 1162 1210 1212 pietas
1253 1164 1295 1201 et
1324 1161 1519 1207 deuotio,
1557 1163 1606 1200 ut
1634 1160 1653 1186 d
1691 1172 1781 1200 non

140 1227 286 1267 solum
317 1227 468 1278 plures
498 1239 631 1279 quam
663 1229 793 1267 antea
824 1227 1036 1278 templum
1071 1229 1273 1266 nostrum
1304 1228 1600 1278 frequentent,
1624 1238 1779 1266 uerum

141 1292 274 1331 etiam
305 1293 514 1332 nonnulli
536 1292 737 1339 donaria,
762 1293 975 1331 nimirum
1007 1292 1226 1343 imagines
1247 1294 1289 1331 et
1320 1292 1550 1343 pecuniam
1575 1291 1778 1331 offerant.

141 1357 397 1397 Doctrinam
419 1358 711 1397 christianam
741 1370 831 1397 non
862 1358 908 1397 in
939 1358 1104 1408 templo
1130 1369 1210 1397 nec
1240 1358 1286 1396 in
1316 1357 1470 1397 schola
1491 1359 1681 1401 tantum,
1705 1356 1780 1396 sed

141 1423 185 1463 in
209 1423 396 1462 aedibus
416 1423 548 1463 etiam
572 1423 738 1463 nostris
768 1423 979 1474 priuatim
1001 1423 1273 1474 quibusdam
1304 1422 1542 1474 neophytis
1577 1421 1782 1461 hebraeis

141 1488 416 1528 serenissimi
446 1488 664 1539 principis
694 1496 710 1515 θ
744 1488 872 1528 iussu
901 1488 1170 1540 aliquandiu
1202 1488 1389 1539 professi
1433 1499 1614 1533 sumus;
1647 1499 1697 1526 ac
1727 1498 1782 1526 ne

140 1554 249 1605 quid
278 1554 555 1594 omitteretur
584 1555 702 1605 quod
733 1554 789 1593 ad
814 1554 1022 1605 judaicae
1052 1554 1199 1605 gentis
1228 1553 1568 1594 conuersionem
1604 1553 1780 1601 faceret,

140 1619 274 1659 etiam
317 1619 449 1659 nobis
492 1620 710 1659 celsitudo
753 1631 837 1659 sua
878 1632 1027 1659 coram
1072 1620 1218 1659 iudeis
1258 1619 1394 1659 semel
1425 1619 1473 1658 in
1502 1618 1783 1658 hebdomada

141 1685 437 1725 concionandi
469 1697 634 1725 munus
677 1686 916 1736 delegauit,
963 1698 1077 1737 quae
1125 1685 1364 1725 conciones
1403 1685 1547 1724 nihilo
1579 1684 1729 1724 minus
1758 1696 1783 1723 a

140 1751 415 1798 christianis,
447 1763 581 1803 quam
626 1752 682 1791 ab
725 1751 931 1791 hebraeis
974 1751 1280 1803 frequentatae
1324 1753 1444 1791 sunt.
1487 1750 1604 1800 Quin
1648 1750 1782 1789 etiam

140 1816 378 1868 pickardos
407 1817 521 1856 duos
550 1817 669 1868 apud
699 1829 782 1856 nos
811 1817 1020 1857 sereniss.
1051 1816 1256 1867 princeps
1286 1816 1462 1856 institui
1493 1816 1654 1864 uoluit,
1676 1827 1784 1866 quo-

141 1894 240 1922 rum
261 1894 380 1922 unus
402 1882 552 1934 magni
584 1882 782 1922 nominis
814 1882 1127 1934 pickardorum
1157 1882 1394 1933 episcopus
1425 1893 1501 1932 per
1521 1881 1783 1921 Bohemiam

140 1947 389 1987 celebratur
418 1949 447 1987 1.
481 1947 581 1997 Qui,
609 1959 706 1987 cum
740 1947 911 1988 sincere
941 1948 1082 1988 nollet
1110 1947 1317 1998 amplecti
1348 1959 1503 1987 sanam
1533 1946 1782 1986 doctrinam

140 2025 165 2052 a
195 2012 401 2053 sereniss.
432 2013 632 2064 principe
675 2013 801 2053 iuxta
843 2013 1083 2053 consilium
1113 2015 1156 2053 et
1203 2012 1543 2052 instructionem
1584 2014 1782 2051 nostram

141 2080 342 2117 retrusus
367 2078 499 2118 estin
521 2090 755 2126 carcerem,
783 2079 992 2130 quamuis
1021 2078 1231 2118 nonnulli
1262 2080 1464 2129 potentes
1493 2090 1544 2117 ac
1573 2077 1782 2117 catholici

139 2143 360 2192 homines,
392 2146 440 2183 ut
470 2143 709 2183 uidebatur
739 2143 772 2192 f,
804 2144 955 2183 nescio
999 2156 1088 2195 quo
1134 2143 1313 2195 pietatis
1351 2143 1513 2183 affectu
1544 2143 1782 2182 liberatum

141 2210 366 2259 cuperent.
413 2208 486 2249 Sic
524 2209 571 2248 in
610 2209 713 2260 alijs
742 2221 857 2260 quae
891 2209 1118 2260 pertinent
1161 2209 1217 2248 ad
1252 2208 1572 2249 conscientiam
1603 2220 1653 2248 ac
1696 2208 1783 2259 spi-

141 2273 347 2313 ritualem
393 2274 697 2325 proximorum
742 2275 1004 2326 profectum,
1052 2275 1167 2314 solet
1212 2274 1432 2315 celsitudo
1471 2286 1568 2321 sua,
1614 2276 1662 2313 ut
1704 2273 1779 2325 alij

142 2339 287 2386 multi,
320 2341 410 2379 tam
442 2351 659 2391 pauperes
688 2352 823 2391 quam
873 2342 1124 2391 magnates,
1159 2352 1292 2392 opera
1322 2352 1373 2380 ac
1402 2339 1591 2379 consilio
1630 2341 1782 2379 nostro

142 2404 396 2455 frequenter
425 2405 505 2445 uti.

220 2470 259 2510 4.
291 2469 523 2520 Quamuis,
547 2471 665 2522 quod
687 2471 760 2511 hic
781 2478 800 2505 g
829 2471 1125 2511 omittendum
1156 2483 1246 2511 non
1285 2471 1475 2519 uidetur,
1499 2482 1576 2521 per
1605 2472 1782 2509 nostros

141 2534 394 2586 frequenter
435 2536 574 2575 animi
604 2536 920 2576 dissidentium
964 2537 1200 2577 hominum
1235 2536 1430 2576 fraterna
1474 2535 1711 2575 concordia
1740 2536 1781 2573 et

139 2600 385 2640 christiana
415 2613 521 2652 pace
549 2602 784 2653 compositi
814 2604 935 2649 sunt,
968 2614 1110 2653 nuper
1138 2604 1302 2650 tamen,
1327 2603 1375 2641 ut
1405 2601 1534 2641 multi
1558 2601 1780 2640 testaban-

140 2667 228 2712 tur,
273 2678 436 2717 magna
482 2666 562 2706 Dei
605 2667 888 2718 prouidentia
932 2667 1098 2707 factum
1127 2669 1209 2715 est,
1255 2669 1304 2707 ut
1352 2679 1453 2707 cum
1497 2666 1543 2705 in
1588 2665 1781 2717 quadam

203 2833 222 2852 a
242 2825 405 2858 Emcud.
429 2835 477 2858 ex
500 2826 600 2858 sunt.
625 2845 666 2849 —
689 2826 708 2853 b
728 2826 854 2859 Prius
877 2827 1081 2860 conciliati.
1106 2846 1147 2850 —
1171 2836 1185 2854 e
1204 2827 1345 2859 Praec.
1369 2835 1406 2859 v.
1438 2826 1600 2858 obscure
1623 2825 1778 2857 exarat.

141 2877 188 2910 iu
220 2887 292 2910 ms.
316 2897 357 2901 -
378 2879 395 2904 d
429 2878 512 2912 Del.
547 2879 750 2921 plureS.‚—
773 2889 789 2908 e
820 2880 946 2913 Prius
972 2881 1157 2922 princeps.
1193 2899 1232 2903 ——
1262 2880 1275 2906 f
1299 2879 1527 2912 uidebantur
1550 2879 1598 2919 (2)
1633 2887 1704 2910 ms,
1741 2895 1781 2900 -

142 2939 162 2967 g
181 2931 243 2964 hic
273 2941 402 2974 supra
424 2942 529 2966 vers.

206 3058 216 3076 ¹
239 3056 333 3090 vide
356 3067 391 3099 p.
415 3057 467 3090 66.
