<?xml version="1.0" encoding="UTF-8"?>
<!DOCTYPE html PUBLIC "-//W3C//DTD XHTML 1.0 Transitional//EN"
    "http://www.w3.org/TR/xhtml1/DTD/xhtml1-transitional.dtd">
<html xmlns="http://www.w3.org/1999/xhtml" xml:lang="en" lang="en">
 <head>
  <title>
</title>
<meta http-equiv="Content-Type" content="text/html;charset=utf-8" />
  <meta name='ocr-system' content='tesseract 3.04.00' />
  <meta name='ocr-capabilities' content='ocr_page ocr_carea ocr_par ocr_line ocrx_word'/>
</head>
<body>
  <div class='ocr_page' id='page_1' title='image "./litteraequadrime1907lain_0637.png"; bbox 0 0 2028 3531; ppageno 0'>
   <div class='ocr_carea' id='block_1_1' title="bbox 487 268 1667 308">
    <p class='ocr_par' dir='ltr' id='par_1_1' title="bbox 487 268 1667 308">
     <span class='ocr_line' id='line_1_1' title="bbox 487 268 1667 308; baseline -0.004 0"><span class='ocrx_word' id='word_1_1' title='bbox 487 272 569 308; x_wconf 82' lang='lat'>594.</span> <span class='ocrx_word' id='word_1_2' title='bbox 614 293 642 297; x_wconf 74' lang='lat'>—</span> <span class='ocrx_word' id='word_1_3' title='bbox 671 271 854 308; x_wconf 78' lang='lat' dir='ltr'><strong>COLONIA</strong></span> <span class='ocrx_word' id='word_1_4' title='bbox 881 269 923 305; x_wconf 84' lang='lat'><em>31</em></span> <span class='ocrx_word' id='word_1_5' title='bbox 953 269 1188 305; x_wconf 77' lang='lat' dir='ltr'><em>DECEMBms</em></span> <span class='ocrx_word' id='word_1_6' title='bbox 1216 268 1303 304; x_wconf 86' lang='lat'>1561</span> <span class='ocrx_word' id='word_1_7' title='bbox 1600 268 1667 303; x_wconf 88' lang='grc'><em>611</em></span> 
     </span>
    </p>
   </div>
   <div class='ocr_carea' id='block_1_2' title="bbox 494 500 1300 694">
    <p class='ocr_par' dir='ltr' id='par_1_2' title="bbox 494 500 1300 694">
     <span class='ocr_line' id='line_1_2' title="bbox 843 500 956 551; baseline -0.009 0"><span class='ocrx_word' id='word_1_8' title='bbox 843 500 956 551; x_wconf 86' lang='grc'><em>593</em></span> 
     </span>
     <span class='ocr_line' id='line_1_3' title="bbox 494 634 1300 694; baseline -0.005 0"><span class='ocrx_word' id='word_1_9' title='bbox 494 644 547 694; x_wconf 89' lang='grc' dir='ltr'><em>Ρ.</em></span> <span class='ocrx_word' id='word_1_10' title='bbox 608 634 940 694; x_wconf 73' lang='lat' dir='ltr'>RAPHAEL</span> <span class='ocrx_word' id='word_1_11' title='bbox 1014 641 1300 692; x_wconf 83' lang='lat' dir='ltr'>PELEGRI</span> 
     </span>
    </p>
   </div>
   <div class='ocr_carea' id='block_1_3' title="bbox 569 780 1230 819">
    <p class='ocr_par' dir='ltr' id='par_1_3' title="bbox 569 780 1230 819">
     <span class='ocr_line' id='line_1_4' title="bbox 569 780 1230 819; baseline -0.005 0"><span class='ocrx_word' id='word_1_12' title='bbox 569 793 726 819; x_wconf 83' lang='lat' dir='ltr'>MURCIA</span> <span class='ocrx_word' id='word_1_13' title='bbox 751 782 798 818; x_wconf 90' lang='lat'><em>30</em></span> <span class='ocrx_word' id='word_1_14' title='bbox 824 791 1051 818; x_wconf 72' lang='lat' dir='ltr'>DECEMBRIS</span> <span class='ocrx_word' id='word_1_15' title='bbox 1078 780 1180 816; x_wconf 88' lang='lat'>1561.</span> <span class='ocrx_word' id='word_1_16' title='bbox 1207 780 1230 816; x_wconf 79' lang='lat'><em>1.</em></span> 
     </span>
    </p>
   </div>
   <div class='ocr_carea' id='block_1_4' title="bbox 82 900 1720 1414">
    <p class='ocr_par' dir='ltr' id='par_1_4' title="bbox 82 900 1720 1414">
     <span class='ocr_line' id='line_1_5' title="bbox 82 900 1716 955; baseline -0.004 -10"><span class='ocrx_word' id='word_1_17' title='bbox 82 907 191 945; x_wconf 88' lang='lat' dir='ltr'><em>Bini</em></span> <span class='ocrx_word' id='word_1_18' title='bbox 219 919 240 945; x_wconf 95' lang='lat' dir='ltr'><em>e</em></span> <span class='ocrx_word' id='word_1_19' title='bbox 277 905 461 955; x_wconf 65' lang='lat' dir='ltr'><em>collegio</em></span> <span class='ocrx_word' id='word_1_20' title='bbox 491 904 741 943; x_wconf 77' lang='lat' dir='ltr'><em>sacerdotes</em></span> <span class='ocrx_word' id='word_1_21' title='bbox 767 916 847 953; x_wconf 78' lang='lat' dir='ltr'><em>per</em></span> <span class='ocrx_word' id='word_1_22' title='bbox 878 904 1111 942; x_wconf 86' lang='lat' dir='ltr'><em>dioecesim</em></span> <span class='ocrx_word' id='word_1_23' title='bbox 1132 901 1380 952; x_wconf 78' lang='lat' dir='ltr'><em>oppidatim</em></span> <span class='ocrx_word' id='word_1_24' title='bbox 1401 900 1716 947; x_wconf 85' lang='lat' dir='ltr'><em>contionando,</em></span> 
     </span>
     <span class='ocr_line' id='line_1_6' title="bbox 189 966 1719 1019; baseline -0.004 -9"><span class='ocrx_word' id='word_1_25' title='bbox 189 970 512 1016; x_wconf 70' lang='lat' dir='ltr'><em>catechizando,</em></span> <span class='ocrx_word' id='word_1_26' title='bbox 535 970 834 1019; x_wconf 83' lang='lat' dir='ltr'><em>consessiones</em></span> <span class='ocrx_word' id='word_1_27' title='bbox 865 968 1100 1017; x_wconf 84' lang='lat' dir='ltr'><em>audiendo,</em></span> <span class='ocrx_word' id='word_1_28' title='bbox 1124 979 1288 1017; x_wconf 66' lang='lat' dir='ltr'><em>magno</em></span> <span class='ocrx_word' id='word_1_29' title='bbox 1319 979 1418 1006; x_wconf 91' lang='lat' dir='ltr'><em>cum</em></span> <span class='ocrx_word' id='word_1_30' title='bbox 1448 967 1601 1016; x_wconf 84' lang='lat' dir='ltr'><em>fructu</em></span> <span class='ocrx_word' id='word_1_31' title='bbox 1630 966 1719 1005; x_wconf 90' lang='lat' dir='ltr'><em>dis-</em></span> 
     </span>
     <span class='ocr_line' id='line_1_7' title="bbox 188 1032 1720 1083; baseline -0.003 -8"><span class='ocrx_word' id='word_1_32' title='bbox 188 1037 395 1075; x_wconf 84' lang='lat' dir='ltr'><em>currunt.</em></span> <span class='ocrx_word' id='word_1_33' title='bbox 437 1057 501 1068; x_wconf 86' lang='grc'><em>---</em></span> <span class='ocrx_word' id='word_1_34' title='bbox 530 1035 587 1073; x_wconf 88' lang='lat' dir='ltr'><em>In</em></span> <span class='ocrx_word' id='word_1_35' title='bbox 630 1034 737 1073; x_wconf 88' lang='lat' dir='ltr'><em>urbe</em></span> <span class='ocrx_word' id='word_1_36' title='bbox 779 1035 990 1073; x_wconf 87' lang='lat' dir='ltr'><em>consueta</em></span> <span class='ocrx_word' id='word_1_37' title='bbox 1036 1045 1143 1083; x_wconf 65' lang='lat' dir='ltr'><em>erga</em></span> <span class='ocrx_word' id='word_1_38' title='bbox 1185 1034 1417 1083; x_wconf 74' lang='lat' dir='ltr'><em>proximos</em></span> <span class='ocrx_word' id='word_1_39' title='bbox 1460 1032 1720 1070; x_wconf 87' lang='lat' dir='ltr'><em>ministeria</em></span> 
     </span>
     <span class='ocr_line' id='line_1_8' title="bbox 188 1097 1720 1149; baseline -0.003 -9"><span class='ocrx_word' id='word_1_40' title='bbox 188 1101 465 1141; x_wconf 75' lang='lat' dir='ltr'><em>exercentur.</em></span> <span class='ocrx_word' id='word_1_41' title='bbox 499 1123 538 1126; x_wconf 97' lang='lat'><strong>—</strong></span> <span class='ocrx_word' id='word_1_42' title='bbox 580 1099 843 1139; x_wconf 83' lang='lat' dir='ltr'><em>Scholastici</em></span> <span class='ocrx_word' id='word_1_43' title='bbox 885 1101 934 1138; x_wconf 90' lang='lat' dir='ltr'><em>in</em></span> <span class='ocrx_word' id='word_1_44' title='bbox 967 1099 1131 1138; x_wconf 84' lang='lat' dir='ltr'><em>litteris</em></span> <span class='ocrx_word' id='word_1_45' title='bbox 1172 1098 1427 1149; x_wconf 79' lang='lat' dir='ltr'><em>proficiunt.</em></span> <span class='ocrx_word' id='word_1_46' title='bbox 1462 1097 1615 1136; x_wconf 80' lang='lat' dir='ltr'><em>Oratio</em></span> <span class='ocrx_word' id='word_1_47' title='bbox 1644 1097 1720 1136; x_wconf 79' lang='lat' dir='ltr'><em>ha-</em></span> 
     </span>
     <span class='ocr_line' id='line_1_9' title="bbox 187 1163 1714 1213; baseline -0.003 -7"><span class='ocrx_word' id='word_1_48' title='bbox 187 1167 277 1206; x_wconf 87' lang='lat' dir='ltr'><em>bita</em></span> <span class='ocrx_word' id='word_1_49' title='bbox 306 1167 371 1205; x_wconf 90' lang='lat' dir='ltr'><em>est</em></span> <span class='ocrx_word' id='word_1_50' title='bbox 400 1168 447 1205; x_wconf 85' lang='lat' dir='ltr'><em>in</em></span> <span class='ocrx_word' id='word_1_51' title='bbox 491 1165 751 1204; x_wconf 82' lang='lat' dir='ltr'><em>studiorum</em></span> <span class='ocrx_word' id='word_1_52' title='bbox 792 1165 1129 1204; x_wconf 68' lang='lat' dir='ltr'><em>instauratione</em></span> <span class='ocrx_word' id='word_1_53' title='bbox 1172 1175 1344 1209; x_wconf 77' lang='lat' dir='ltr'><em>annua,</em></span> <span class='ocrx_word' id='word_1_54' title='bbox 1378 1164 1416 1202; x_wconf 92' lang='lat' dir='ltr'><em>et</em></span> <span class='ocrx_word' id='word_1_55' title='bbox 1455 1163 1635 1213; x_wconf 78' lang='lat' dir='ltr'><em>ec9l09a</em></span> <span class='ocrx_word' id='word_1_56' title='bbox 1665 1164 1714 1202; x_wconf 89' lang='lat' dir='ltr'><em>in</em></span> 
     </span>
     <span class='ocr_line' id='line_1_10' title="bbox 187 1228 1717 1283; baseline -0.003 -12"><span class='ocrx_word' id='word_1_57' title='bbox 187 1233 314 1283; x_wconf 84' lang='lat' dir='ltr'><em>festis</em></span> <span class='ocrx_word' id='word_1_58' title='bbox 352 1232 585 1270; x_wconf 88' lang='lat' dir='ltr'><em>nataliciis</em></span> <span class='ocrx_word' id='word_1_59' title='bbox 615 1231 667 1269; x_wconf 93' lang='lat' dir='ltr'><em>D.</em></span> <span class='ocrx_word' id='word_1_60' title='bbox 693 1230 746 1268; x_wconf 93' lang='lat' dir='ltr'><em>N.</em></span> <span class='ocrx_word' id='word_1_61' title='bbox 770 1231 877 1269; x_wconf 86' lang='lat' dir='ltr'><em>Iesu</em></span> <span class='ocrx_word' id='word_1_62' title='bbox 911 1230 1078 1269; x_wconf 83' lang='lat' dir='ltr'><em>Christi</em></span> <span class='ocrx_word' id='word_1_63' title='bbox 1109 1230 1159 1268; x_wconf 89' lang='lat' dir='ltr'><em>de</em></span> <span class='ocrx_word' id='word_1_64' title='bbox 1196 1229 1395 1268; x_wconf 87' lang='lat' dir='ltr'><em>eiusdem</em></span> <span class='ocrx_word' id='word_1_65' title='bbox 1424 1228 1572 1267; x_wconf 88' lang='lat' dir='ltr'><em>natali</em></span> <span class='ocrx_word' id='word_1_66' title='bbox 1603 1229 1717 1267; x_wconf 89' lang='lat' dir='ltr'><em>acta.</em></span> 
     </span>
     <span class='ocr_line' id='line_1_11' title="bbox 188 1294 1719 1348; baseline -0.003 -11"><span class='ocrx_word' id='word_1_67' title='bbox 188 1321 238 1326; x_wconf 94' lang='lat'>—</span> <span class='ocrx_word' id='word_1_68' title='bbox 272 1297 458 1348; x_wconf 72' lang='lat' dir='ltr'><em>Colleyii</em></span> <span class='ocrx_word' id='word_1_69' title='bbox 500 1296 743 1336; x_wconf 72' lang='lat' dir='ltr'><em>exstructio</em></span> <span class='ocrx_word' id='word_1_70' title='bbox 783 1296 1094 1335; x_wconf 75' lang='lat' dir='ltr'><em>continuatur.</em></span> <span class='ocrx_word' id='word_1_71' title='bbox 1135 1317 1176 1321; x_wconf 90' lang='lat'>—</span> <span class='ocrx_word' id='word_1_72' title='bbox 1207 1295 1438 1345; x_wconf 66' lang='lat' dir='ltr'><em>Religiosa</em></span> <span class='ocrx_word' id='word_1_73' title='bbox 1475 1294 1719 1344; x_wconf 78' lang='lat' dir='ltr'><em>disciplina</em></span> 
     </span>
     <span class='ocr_line' id='line_1_12' title="bbox 186 1364 329 1414; baseline -0.014 -10"><span class='ocrx_word' id='word_1_74' title='bbox 186 1364 329 1414; x_wconf 74' lang='lat' dir='ltr'><em>floret.</em></span> 
     </span>
    </p>
   </div>
   <div class='ocr_carea' id='block_1_5' title="bbox 450 1596 1353 1791">
    <p class='ocr_par' dir='ltr' id='par_1_5' title="bbox 450 1596 1353 1791">
     <span class='ocr_line' id='line_1_13' title="bbox 844 1596 959 1646; baseline 0 -1"><span class='ocrx_word' id='word_1_75' title='bbox 844 1596 959 1646; x_wconf 89' lang='lat'><em>594</em></span> 
     </span>
     <span class='ocr_line' id='line_1_14' title="bbox 450 1738 1353 1791; baseline -0.003 0"><span class='ocrx_word' id='word_1_76' title='bbox 450 1740 510 1791; x_wconf 82' lang='lat' dir='ltr'><em>P.</em></span> <span class='ocrx_word' id='word_1_77' title='bbox 570 1738 1015 1790; x_wconf 82' lang='lat' dir='ltr'>GRECORIUS</span> <span class='ocrx_word' id='word_1_78' title='bbox 1090 1738 1353 1788; x_wconf 76' lang='lat' dir='ltr'>FABIUS</span> 
     </span>
    </p>
   </div>
   <div class='ocr_carea' id='block_1_6' title="bbox 556 1877 1228 1915">
    <p class='ocr_par' dir='ltr' id='par_1_6' title="bbox 556 1877 1228 1915">
     <span class='ocr_line' id='line_1_15' title="bbox 556 1877 1228 1915; baseline -0.004 0"><span class='ocrx_word' id='word_1_79' title='bbox 556 1889 731 1915; x_wconf 79' lang='lat' dir='ltr'>COLONIA</span> <span class='ocrx_word' id='word_1_80' title='bbox 758 1878 800 1914; x_wconf 91' lang='lat' dir='ltr'><em>3l</em></span> <span class='ocrx_word' id='word_1_81' title='bbox 831 1888 1058 1914; x_wconf 79' lang='lat' dir='ltr'><strong>DECEMBRIS</strong></span> <span class='ocrx_word' id='word_1_82' title='bbox 1089 1877 1174 1913; x_wconf 84' lang='lat'>1561</span> <span class='ocrx_word' id='word_1_83' title='bbox 1203 1877 1228 1913; x_wconf 74' lang='lat'><em>2.</em></span> 
     </span>
    </p>
   </div>
   <div class='ocr_carea' id='block_1_7' title="bbox 82 1999 1724 2774">
    <p class='ocr_par' dir='ltr' id='par_1_7' title="bbox 82 1999 1724 2774">
     <span class='ocr_line' id='line_1_16' title="bbox 82 1999 1721 2051; baseline -0.003 -9"><span class='ocrx_word' id='word_1_84' title='bbox 82 2005 118 2042; x_wconf 92' lang='lat'><em>1.</em></span> <span class='ocrx_word' id='word_1_85' title='bbox 149 2001 267 2042; x_wconf 86' lang='lat' dir='ltr'><em>Socii</em></span> <span class='ocrx_word' id='word_1_86' title='bbox 297 2002 505 2041; x_wconf 77' lang='lat' dir='ltr'><em>undecim</em></span> <span class='ocrx_word' id='word_1_87' title='bbox 534 2013 679 2051; x_wconf 86' lang='lat' dir='ltr'><em>nuper</em></span> <span class='ocrx_word' id='word_1_88' title='bbox 708 2001 917 2050; x_wconf 66' lang='lat' dir='ltr'><em>ingressi,</em></span> <span class='ocrx_word' id='word_1_89' title='bbox 950 2012 1144 2050; x_wconf 80' lang='lat' dir='ltr'><em>quorum</em></span> <span class='ocrx_word' id='word_1_90' title='bbox 1170 2000 1327 2049; x_wconf 83' lang='lat' dir='ltr'><em>patria</em></span> <span class='ocrx_word' id='word_1_91' title='bbox 1370 2000 1408 2038; x_wconf 90' lang='lat' dir='ltr'><em>et</em></span> <span class='ocrx_word' id='word_1_92' title='bbox 1452 1999 1573 2038; x_wconf 91' lang='lat' dir='ltr'><em>dotes</em></span> <span class='ocrx_word' id='word_1_93' title='bbox 1603 1999 1721 2038; x_wconf 91' lang='lat' dir='ltr'><em>indi-</em></span> 
     </span>
     <span class='ocr_line' id='line_1_17' title="bbox 189 2064 1722 2114; baseline -0.003 -7"><span class='ocrx_word' id='word_1_94' title='bbox 189 2069 366 2107; x_wconf 84' lang='lat' dir='ltr'><em>cantur.</em></span> <span class='ocrx_word' id='word_1_95' title='bbox 400 2089 450 2093; x_wconf 88' lang='lat'>—</span> <span class='ocrx_word' id='word_1_96' title='bbox 481 2070 522 2105; x_wconf 91' lang='lat'><em>2.</em></span> <span class='ocrx_word' id='word_1_97' title='bbox 567 2067 757 2105; x_wconf 87' lang='lat' dir='ltr'><em>Mutuus</em></span> <span class='ocrx_word' id='word_1_98' title='bbox 802 2078 932 2104; x_wconf 82' lang='lat' dir='ltr'><em>amor</em></span> <span class='ocrx_word' id='word_1_99' title='bbox 962 2066 1001 2103; x_wconf 90' lang='lat' dir='ltr'><em>et</em></span> <span class='ocrx_word' id='word_1_100' title='bbox 1030 2065 1242 2114; x_wconf 64' lang='lat' dir='ltr'><em>religiosa</em></span> <span class='ocrx_word' id='word_1_101' title='bbox 1289 2064 1532 2114; x_wconf 81' lang='lat' dir='ltr'><em>disciplina</em></span> <span class='ocrx_word' id='word_1_102' title='bbox 1566 2065 1722 2114; x_wconf 73' lang='lat' dir='ltr'><em>floret.-</em></span> 
     </span>
     <span class='ocr_line' id='line_1_18' title="bbox 190 2130 1722 2183; baseline -0.003 -11"><span class='ocrx_word' id='word_1_103' title='bbox 190 2146 278 2183; x_wconf 80' lang='lat' dir='ltr'><em>qua</em></span> <span class='ocrx_word' id='word_1_104' title='bbox 321 2134 497 2172; x_wconf 86' lang='lat' dir='ltr'><em>ratione</em></span> <span class='ocrx_word' id='word_1_105' title='bbox 527 2132 566 2170; x_wconf 92' lang='lat' dir='ltr'><em>et</em></span> <span class='ocrx_word' id='word_1_106' title='bbox 610 2132 843 2170; x_wconf 83' lang='lat' dir='ltr'><em>industria</em></span> <span class='ocrx_word' id='word_1_107' title='bbox 875 2130 1088 2169; x_wconf 78' lang='lat' dir='ltr'><em>adhibita.</em></span> <span class='ocrx_word' id='word_1_108' title='bbox 1122 2130 1331 2179; x_wconf 63' lang='lat' dir='ltr'><em>Linguae</em></span> <span class='ocrx_word' id='word_1_109' title='bbox 1368 2131 1654 2179; x_wconf 63' lang='lat' dir='ltr'><em>germanicae</em></span> <span class='ocrx_word' id='word_1_110' title='bbox 1682 2130 1722 2168; x_wconf 90' lang='lat' dir='ltr'><em>et</em></span> 
     </span>
     <span class='ocr_line' id='line_1_19' title="bbox 188 2195 1723 2249; baseline -0.003 -11"><span class='ocrx_word' id='word_1_111' title='bbox 188 2200 381 2249; x_wconf 64' lang='lat' dir='ltr'><em>gallicae</em></span> <span class='ocrx_word' id='word_1_112' title='bbox 409 2198 560 2237; x_wconf 86' lang='lat' dir='ltr'><em>studio</em></span> <span class='ocrx_word' id='word_1_113' title='bbox 591 2197 785 2247; x_wconf 63' lang='lat' dir='ltr'><em>diligens</em></span> <span class='ocrx_word' id='word_1_114' title='bbox 816 2208 951 2247; x_wconf 85' lang='lat' dir='ltr'><em>opera</em></span> <span class='ocrx_word' id='word_1_115' title='bbox 982 2195 1274 2246; x_wconf 83' lang='lat' dir='ltr'><em>impenditur.</em></span> <span class='ocrx_word' id='word_1_116' title='bbox 1309 2195 1476 2234; x_wconf 73' lang='lat' dir='ltr'><em>Novem</em></span> <span class='ocrx_word' id='word_1_117' title='bbox 1506 2207 1559 2234; x_wconf 77' lang='lat' dir='ltr'><em>eoe</em></span> <span class='ocrx_word' id='word_1_118' title='bbox 1589 2196 1723 2234; x_wconf 87' lang='lat' dir='ltr'><em>sociis</em></span> 
     </span>
     <span class='ocr_line' id='line_1_20' title="bbox 190 2260 1722 2304; baseline -0.003 0"><span class='ocrx_word' id='word_1_119' title='bbox 190 2264 557 2304; x_wconf 88' lang='lat' dir='ltr'><em>baccalaureatus</em></span> <span class='ocrx_word' id='word_1_120' title='bbox 597 2263 729 2302; x_wconf 88' lang='lat' dir='ltr'><em>titulo</em></span> <span class='ocrx_word' id='word_1_121' title='bbox 761 2263 1003 2301; x_wconf 84' lang='lat' dir='ltr'><em>ornantur.</em></span> <span class='ocrx_word' id='word_1_122' title='bbox 1038 2283 1087 2287; x_wconf 97' lang='lat'><strong>—</strong></span> <span class='ocrx_word' id='word_1_123' title='bbox 1119 2265 1160 2299; x_wconf 88' lang='grc'><em>3.</em></span> <span class='ocrx_word' id='word_1_124' title='bbox 1191 2260 1435 2300; x_wconf 82' lang='lat' dir='ltr'><em>Sollemnis</em></span> <span class='ocrx_word' id='word_1_125' title='bbox 1464 2261 1722 2300; x_wconf 86' lang='lat' dir='ltr'><em>studiorum</em></span> 
     </span>
     <span class='ocr_line' id='line_1_21' title="bbox 188 2326 1723 2378; baseline -0.003 -9"><span class='ocrx_word' id='word_1_126' title='bbox 188 2330 482 2369; x_wconf 82' lang='lat' dir='ltr'><em>instauratio.</em></span> <span class='ocrx_word' id='word_1_127' title='bbox 517 2351 566 2355; x_wconf 89' lang='lat'>—</span> <span class='ocrx_word' id='word_1_128' title='bbox 599 2329 940 2378; x_wconf 81' lang='lat' dir='ltr'><em>Discipulorum</em></span> <span class='ocrx_word' id='word_1_129' title='bbox 985 2327 1098 2365; x_wconf 88' lang='lat' dir='ltr'><em>bona</em></span> <span class='ocrx_word' id='word_1_130' title='bbox 1143 2326 1346 2373; x_wconf 87' lang='lat' dir='ltr'><em>indoles;</em></span> <span class='ocrx_word' id='word_1_131' title='bbox 1377 2328 1453 2376; x_wconf 79' lang='lat' dir='ltr'><em>qui</em></span> <span class='ocrx_word' id='word_1_132' title='bbox 1486 2326 1544 2365; x_wconf 92' lang='lat' dir='ltr'><em>ad</em></span> <span class='ocrx_word' id='word_1_133' title='bbox 1572 2338 1723 2365; x_wconf 86' lang='lat' dir='ltr'><em>sacra-</em></span> 
     </span>
     <span class='ocr_line' id='line_1_22' title="bbox 190 2392 1722 2442; baseline -0.003 -7"><span class='ocrx_word' id='word_1_134' title='bbox 190 2397 340 2435; x_wconf 87' lang='lat' dir='ltr'><em>menta</em></span> <span class='ocrx_word' id='word_1_135' title='bbox 385 2395 570 2434; x_wconf 78' lang='lat' dir='ltr'><em>libenter</em></span> <span class='ocrx_word' id='word_1_136' title='bbox 600 2394 827 2433; x_wconf 82' lang='lat' dir='ltr'><em>accedunt.</em></span> <span class='ocrx_word' id='word_1_137' title='bbox 862 2415 910 2419; x_wconf 90' lang='lat'>—</span> <span class='ocrx_word' id='word_1_138' title='bbox 940 2397 984 2431; x_wconf 81' lang='lat'><em>4.</em></span> <span class='ocrx_word' id='word_1_139' title='bbox 1016 2392 1292 2442; x_wconf 83' lang='lat' dir='ltr'><em>Spiritualia</em></span> <span class='ocrx_word' id='word_1_140' title='bbox 1332 2392 1592 2430; x_wconf 84' lang='lat' dir='ltr'><em>ministeria</em></span> <span class='ocrx_word' id='word_1_141' title='bbox 1622 2404 1722 2430; x_wconf 89' lang='lat' dir='ltr'><em>cum</em></span> 
     </span>
     <span class='ocr_line' id='line_1_23' title="bbox 189 2457 1721 2501; baseline -0.003 -1"><span class='ocrx_word' id='word_1_142' title='bbox 189 2462 468 2501; x_wconf 69' lang='lat' dir='ltr'><em>scholasticis</em></span> <span class='ocrx_word' id='word_1_143' title='bbox 510 2461 708 2499; x_wconf 75' lang='lat' dir='ltr'><em>externis</em></span> <span class='ocrx_word' id='word_1_144' title='bbox 748 2460 788 2498; x_wconf 91' lang='lat' dir='ltr'><em>et</em></span> <span class='ocrx_word' id='word_1_145' title='bbox 831 2458 1014 2498; x_wconf 83' lang='lat' dir='ltr'><em>civibus.</em></span> <span class='ocrx_word' id='word_1_146' title='bbox 1057 2480 1106 2484; x_wconf 88' lang='lat'>—</span> <span class='ocrx_word' id='word_1_147' title='bbox 1154 2458 1505 2496; x_wconf 82' lang='lat' dir='ltr'><em>Brunsvicensis</em></span> <span class='ocrx_word' id='word_1_148' title='bbox 1549 2457 1642 2496; x_wconf 78' lang='lat' dir='ltr'><em>dux</em></span> <span class='ocrx_word' id='word_1_149' title='bbox 1670 2457 1721 2496; x_wconf 87' lang='lat' dir='ltr'><em>P.</em></span> 
     </span>
     <span class='ocr_line' id='line_1_24' title="bbox 189 2522 1723 2576; baseline -0.004 -10"><span class='ocrx_word' id='word_1_150' title='bbox 189 2528 438 2566; x_wconf 84' lang='lat' dir='ltr'><em>Henricum</em></span> <span class='ocrx_word' id='word_1_151' title='bbox 466 2527 739 2576; x_wconf 72' lang='lat' dir='ltr'><em>Dionysium</em></span> <span class='ocrx_word' id='word_1_152' title='bbox 771 2525 828 2563; x_wconf 91' lang='lat' dir='ltr'><em>ad</em></span> <span class='ocrx_word' id='word_1_153' title='bbox 858 2524 1097 2563; x_wconf 85' lang='lat' dir='ltr'><em>catholicos</em></span> <span class='ocrx_word' id='word_1_154' title='bbox 1127 2535 1236 2562; x_wconf 81' lang='lat' dir='ltr'><em>suae</em></span> <span class='ocrx_word' id='word_1_155' title='bbox 1267 2523 1458 2561; x_wconf 85' lang='lat' dir='ltr'><em>dicionis</em></span> <span class='ocrx_word' id='word_1_156' title='bbox 1488 2522 1723 2572; x_wconf 61' lang='lat' dir='ltr'><em>erigendos</em></span> 
     </span>
     <span class='ocr_line' id='line_1_25' title="bbox 188 2588 1724 2639; baseline -0.004 -8"><span class='ocrx_word' id='word_1_157' title='bbox 188 2593 368 2631; x_wconf 81' lang='lat' dir='ltr'><em>invitat.</em></span> <span class='ocrx_word' id='word_1_158' title='bbox 414 2593 467 2631; x_wconf 88' lang='lat' dir='ltr'><em>P.</em></span> <span class='ocrx_word' id='word_1_159' title='bbox 501 2592 728 2630; x_wconf 86' lang='lat' dir='ltr'><em>Henricus</em></span> <span class='ocrx_word' id='word_1_160' title='bbox 771 2590 881 2629; x_wconf 84' lang='lat' dir='ltr'><em>illuc</em></span> <span class='ocrx_word' id='word_1_161' title='bbox 920 2589 1238 2639; x_wconf 78' lang='lat' dir='ltr'><em>proficiscitur,</em></span> <span class='ocrx_word' id='word_1_162' title='bbox 1272 2588 1593 2638; x_wconf 80' lang='lat' dir='ltr'><em>archiepiscopi</em></span> <span class='ocrx_word' id='word_1_163' title='bbox 1631 2588 1724 2637; x_wconf 85' lang='lat' dir='ltr'><em>suf-</em></span> 
     </span>
     <span class='ocr_line' id='line_1_26' title="bbox 190 2653 1723 2709; baseline -0.004 -12"><span class='ocrx_word' id='word_1_164' title='bbox 190 2659 408 2709; x_wconf 67' lang='lat' dir='ltr'><em>fraganeo</em></span> <span class='ocrx_word' id='word_1_165' title='bbox 439 2659 529 2696; x_wconf 85' lang='lat' dir='ltr'><em>vice</em></span> <span class='ocrx_word' id='word_1_166' title='bbox 567 2657 698 2695; x_wconf 87' lang='lat' dir='ltr'><em>illius</em></span> <span class='ocrx_word' id='word_1_167' title='bbox 728 2657 955 2695; x_wconf 89' lang='lat' dir='ltr'><em>contiones</em></span> <span class='ocrx_word' id='word_1_168' title='bbox 988 2654 1199 2694; x_wconf 86' lang='lat' dir='ltr'><em>Coloniae</em></span> <span class='ocrx_word' id='word_1_169' title='bbox 1227 2654 1450 2693; x_wconf 79' lang='lat' dir='ltr'><em>habituro.</em></span> <span class='ocrx_word' id='word_1_170' title='bbox 1484 2675 1533 2679; x_wconf 91' lang='lat'>—</span> <span class='ocrx_word' id='word_1_171' title='bbox 1563 2653 1723 2692; x_wconf 82' lang='lat' dir='ltr'><em>Preces</em></span> 
     </span>
     <span class='ocr_line' id='line_1_27' title="bbox 188 2724 403 2774; baseline 0.005 -12"><span class='ocrx_word' id='word_1_172' title='bbox 188 2724 403 2774; x_wconf 83' lang='lat' dir='ltr'><em>postulat.</em></span> 
     </span>
    </p>
   </div>
   <div class='ocr_carea' id='block_1_8' title="bbox 86 2849 367 2854">
    <p class='ocr_par' dir='ltr' id='par_1_8' title="bbox 86 2849 367 2854">
     <span class='ocr_line' id='line_1_28' title="bbox 86 2849 367 2854; baseline 0 0"><span class='ocrx_word' id='word_1_173' title='bbox 86 2849 367 2854; x_wconf 95' lang='lat' dir='ltr'><em> </em></span> 
     </span>
    </p>
   </div>
   <div class='ocr_carea' id='block_1_9' title="bbox 84 2907 1725 3113">
    <p class='ocr_par' dir='ltr' id='par_1_9' title="bbox 84 2907 1725 3113">
     <span class='ocr_line' id='line_1_29' title="bbox 146 2907 1724 2953; baseline -0.004 -9"><span class='ocrx_word' id='word_1_174' title='bbox 146 2914 156 2930; x_wconf 91' lang='lat'>¹</span> <span class='ocrx_word' id='word_1_175' title='bbox 180 2911 335 2953; x_wconf 83' lang='lat' dir='ltr'><em>Autogr.</em></span> <span class='ocrx_word' id='word_1_176' title='bbox 360 2912 399 2944; x_wconf 93' lang='lat' dir='ltr'><em>in</em></span> <span class='ocrx_word' id='word_1_177' title='bbox 423 2911 502 2944; x_wconf 88' lang='lat' dir='ltr'><em>cod.</em></span> <span class='ocrx_word' id='word_1_178' title='bbox 528 2910 641 2951; x_wconf 80' lang='lat' dir='ltr'><em>Hisp.</em></span> <span class='ocrx_word' id='word_1_179' title='bbox 659 2910 720 2949; x_wconf 77' lang='lat'><em>98,</em></span> <span class='ocrx_word' id='word_1_180' title='bbox 744 2909 769 2941; x_wconf 86' lang='lat' dir='ltr'><em>f.</em></span> <span class='ocrx_word' id='word_1_181' title='bbox 793 2910 876 2945; x_wconf 83' lang='lat'>396:</span> <span class='ocrx_word' id='word_1_182' title='bbox 903 2909 1008 2950; x_wconf 87' lang='lat' dir='ltr'><em>prius</em></span> <span class='ocrx_word' id='word_1_183' title='bbox 1030 2909 1103 2941; x_wconf 87' lang='grc'>381.</span> <span class='ocrx_word' id='word_1_184' title='bbox 1122 2908 1281 2940; x_wconf 83' lang='lat' dir='ltr'><em>Exstant</em></span> <span class='ocrx_word' id='word_1_185' title='bbox 1304 2908 1393 2940; x_wconf 79' lang='lat' dir='ltr'><em>bina</em></span> <span class='ocrx_word' id='word_1_186' title='bbox 1416 2917 1473 2940; x_wconf 86' lang='lat' dir='ltr'><em>ex.</em></span> <span class='ocrx_word' id='word_1_187' title='bbox 1491 2907 1611 2940; x_wconf 81' lang='lat' dir='ltr'><em>latina</em></span> <span class='ocrx_word' id='word_1_188' title='bbox 1627 2907 1724 2939; x_wconf 87' lang='lat' dir='ltr'><em>eius-</em></span> 
     </span>
     <span class='ocr_line' id='line_1_30' title="bbox 84 2960 1725 3006; baseline -0.004 -8"><span class='ocrx_word' id='word_1_189' title='bbox 84 2966 165 2998; x_wconf 86' lang='lat' dir='ltr'><em>dem</em></span> <span class='ocrx_word' id='word_1_190' title='bbox 188 2966 227 2998; x_wconf 92' lang='lat' dir='ltr'><em>in</em></span> <span class='ocrx_word' id='word_1_191' title='bbox 250 2965 286 2999; x_wconf 84' lang='lat' dir='ltr'><em>ff.</em></span> <span class='ocrx_word' id='word_1_192' title='bbox 302 2966 374 3005; x_wconf 77' lang='lat'><strong>394,</strong></span> <span class='ocrx_word' id='word_1_193' title='bbox 388 2966 460 2998; x_wconf 84' lang='lat'>395.</span> <span class='ocrx_word' id='word_1_194' title='bbox 475 2965 566 2998; x_wconf 92' lang='lat' dir='ltr'><em>Cum</em></span> <span class='ocrx_word' id='word_1_195' title='bbox 589 2964 774 3006; x_wconf 82' lang='lat' dir='ltr'><em>epistulae</em></span> <span class='ocrx_word' id='word_1_196' title='bbox 786 2963 846 2995; x_wconf 84' lang='lat' dir='ltr'><em>die</em></span> <span class='ocrx_word' id='word_1_197' title='bbox 859 2963 896 2995; x_wconf 85' lang='lat'><em>31</em></span> <span class='ocrx_word' id='word_1_198' title='bbox 922 2962 1084 3003; x_wconf 78' lang='lat' dir='ltr'><em>Augusti</em></span> <span class='ocrx_word' id='word_1_199' title='bbox 1098 2963 1219 2996; x_wconf 84' lang='lat' dir='ltr'><em>datae.</em></span> <span class='ocrx_word' id='word_1_200' title='bbox 1235 2964 1284 3003; x_wconf 83' lang='lat' dir='ltr'><em>(v,</em></span> <span class='ocrx_word' id='word_1_201' title='bbox 1310 2971 1369 3003; x_wconf 90' lang='lat' dir='ltr'><em>pp.</em></span> <span class='ocrx_word' id='word_1_202' title='bbox 1386 2961 1540 3002; x_wconf 65' lang='lat'><em>423-425)</em></span> <span class='ocrx_word' id='word_1_203' title='bbox 1553 2960 1659 2992; x_wconf 84' lang='lat' dir='ltr'><em>valde</em></span> <span class='ocrx_word' id='word_1_204' title='bbox 1677 2960 1725 2992; x_wconf 88' lang='lat' dir='ltr'><em>si-</em></span> 
     </span>
     <span class='ocr_line' id='line_1_31' title="bbox 85 3013 1722 3058; baseline -0.004 -7"><span class='ocrx_word' id='word_1_205' title='bbox 85 3019 184 3051; x_wconf 87' lang='lat' dir='ltr'><em>milis</em></span> <span class='ocrx_word' id='word_1_206' title='bbox 201 3019 263 3058; x_wconf 76' lang='lat' dir='ltr'><em>sit,</em></span> <span class='ocrx_word' id='word_1_207' title='bbox 278 3019 360 3051; x_wconf 88' lang='lat' dir='ltr'><em>eius</em></span> <span class='ocrx_word' id='word_1_208' title='bbox 383 3020 532 3051; x_wconf 84' lang='lat' dir='ltr'><em>tantum</em></span> <span class='ocrx_word' id='word_1_209' title='bbox 556 3026 737 3050; x_wconf 84' lang='lat' dir='ltr'><em>summam</em></span> <span class='ocrx_word' id='word_1_210' title='bbox 761 3017 905 3049; x_wconf 81' lang='lat' dir='ltr'><em>damus,</em></span> <span class='ocrx_word' id='word_1_211' title='bbox 921 3016 972 3048; x_wconf 89' lang='lat' dir='ltr'><em>De</em></span> <span class='ocrx_word' id='word_1_212' title='bbox 995 3016 1147 3048; x_wconf 84' lang='lat' dir='ltr'><em>auctore</em></span> <span class='ocrx_word' id='word_1_213' title='bbox 1170 3015 1322 3048; x_wconf 77' lang='lat' dir='ltr'><em>cf.L2·tt.</em></span> <span class='ocrx_word' id='word_1_214' title='bbox 1343 3014 1549 3054; x_wconf 76' lang='lat' dir='ltr'><em>Quadrim.</em></span> <span class='ocrx_word' id='word_1_215' title='bbox 1564 3013 1624 3053; x_wconf 90' lang='lat' dir='ltr'><em>VI,</em></span> <span class='ocrx_word' id='word_1_216' title='bbox 1649 3014 1722 3046; x_wconf 88' lang='grc'><strong>809.</strong></span> 
     </span>
     <span class='ocr_line' id='line_1_32' title="bbox 147 3068 1458 3113; baseline -0.004 -8"><span class='ocrx_word' id='word_1_217' title='bbox 147 3073 159 3091; x_wconf 73' lang='lat'>2</span> <span class='ocrx_word' id='word_1_218' title='bbox 182 3072 235 3104; x_wconf 86' lang='lat' dir='ltr'><em>Ex</em></span> <span class='ocrx_word' id='word_1_219' title='bbox 258 3072 433 3113; x_wconf 82' lang='lat' dir='ltr'><em>originali</em></span> <span class='ocrx_word' id='word_1_220' title='bbox 458 3072 497 3103; x_wconf 92' lang='lat' dir='ltr'><em>in</em></span> <span class='ocrx_word' id='word_1_221' title='bbox 521 3071 600 3104; x_wconf 90' lang='lat' dir='ltr'><em>cod.</em></span> <span class='ocrx_word' id='word_1_222' title='bbox 629 3070 758 3103; x_wconf 82' lang='lat' dir='ltr'><em>Germ.</em></span> <span class='ocrx_word' id='word_1_223' title='bbox 786 3070 868 3102; x_wconf 86' lang='lat'><em>139.</em></span> <span class='ocrx_word' id='word_1_224' title='bbox 893 3069 929 3101; x_wconf 90' lang='lat' dir='ltr'><em>ff.</em></span> <span class='ocrx_word' id='word_1_225' title='bbox 956 3069 1115 3107; x_wconf 69' lang='lat'>101-102;</span> <span class='ocrx_word' id='word_1_226' title='bbox 1141 3068 1246 3110; x_wconf 85' lang='lat' dir='ltr'><em>prius</em></span> <span class='ocrx_word' id='word_1_227' title='bbox 1271 3069 1331 3100; x_wconf 86' lang='lat'><em>150</em></span> <span class='ocrx_word' id='word_1_228' title='bbox 1353 3068 1458 3109; x_wconf 66' lang='lat'>(125).</span> 
     </span>
    </p>
   </div>
  </div>
 </body>
</html>
