2028 3531
471 291 551 326 568.
578 312 624 315 —
651 291 833 327 PARISHS
864 292 877 327 l
908 291 1165 327 SEPTEMBms
1195 292 1276 328 156¹
1581 294 1651 330 485

71 410 257 461 profana,
302 410 559 456 minauanQ
592 411 750 451 adesso
793 411 888 450 loro
930 411 1119 450 oostnmi
1164 413 1423 454 motassero.
1457 413 1498 451 et
1542 411 1705 463 piglas-

72 487 169 515 sero
200 475 275 526 pisi
306 477 435 515 santo
467 476 598 515 modo
627 476 672 515 di
704 477 871 516 uiuere.
905 477 954 516 Li
985 476 1195 521 scholari,
1228 477 1259 516 11
1290 477 1413 527 quali
1444 490 1555 517 sono
1589 478 1706 517 circa

70 543 197 580 cento
240 543 473 592 quaranta,
506 542 644 580 molto
674 542 810 581 fanno
843 542 1034 593 protitto,
1068 544 1190 581 tanto
1229 543 1346 581 nelle
1376 543 1482 581 boni
1513 543 1705 584 oostumi

71 608 113 645 et
142 605 274 657 pieta,
307 608 475 656 quanto
518 607 625 645 nelli
657 608 755 646 suoi
800 607 952 658 studij,
988 607 1148 646 mando
1178 615 1196 633 a
1228 608 1293 646 fra
1323 608 1418 647 loro
1448 608 1630 659 gioneni
1660 608 1705 647 di

71 671 207 710 molta
250 672 369 710 bona
398 670 563 719 indole,
596 672 627 711 li
672 673 795 723 quali
844 684 927 712 eon
973 672 1098 712 molti
1130 672 1285 723 preghi
1325 673 1608 713 domandano
1639 685 1705 713 es-

70 748 165 776 sere
195 736 396 776 accett·1ti
428 736 546 776 nella
590 740 743 777 nostra
774 737 1063 789 Compagnia,
1097 750 1180 789 pur
1210 750 1286 788 per
1314 738 1420 777 certi
1452 750 1585 778 cause
1615 750 1706 778 non

70 802 108 841 si
139 813 372 849 receuon0‚
406 802 459 841 ne
507 803 703 842 anchora
733 804 755 843 e
785 805 901 843 stato
950 804 1079 843 alcun
1128 804 1173 843 di
1213 804 1309 843 loro
1353 815 1496 855 preso.
1532 803 1708 856 [Preces

68 867 304 919 postulat]

177 933 241 973 Da
272 934 475 974 Palermo
506 933 714 974 Calendis
745 934 1017 985 Septembris
1047 947 1166 974 anno
1198 935 1314 976 1561.

177 998 239 1038 De
268 999 342 1038 V.a
374 999 449 1038 Ra
481 999 566 1038 P.¹³'²
598 999 793 1051 indegno
824 1000 977 1051 tiglolo
1007 1000 1054 1039 in
1085 1000 1199 1051 Xpo.

925 1101 1129 1142 ERAsmo
1159 1102 1377 1142 VOLKERO
1416 1101 1537 1142 SAxo
1568 1106 1597 1143 1.

831 1326 945 1376 568

463 1467 830 1518 IOANNES
893 1468 1322 1520 RINATTUS

545 1605 722 1631 PAi-usns
750 1596 767 1631 1
796 1605 1046 1632 SEPTEMBRIS
1075 1596 1163 1632 1561
1192 1596 1217 1633 2.

69 1719 107 1755 1.
144 1716 196 1756 Ut
227 1715 524 1755 oboedientiae
566 1717 835 1767 satisfaciat,
867 1717 1022 1756 scribit
1064 1719 1198 1757 citius
1228 1731 1366 1769 quam
1396 1720 1625 1760 voluisset.
1657 1743 1709 1748 ——

177 1785 219 1820 2.
248 1781 516 1824 Adversarii
557 1782 597 1821 et
638 1783 844 1832 fautores
889 1782 1125 1822 Societatis
1154 1785 1203 1822 in
1252 1797 1389 1835 regno
1424 1785 1602 1825 Galliae
1641 1787 1711 1827 de-

177 1847 456 1887 scribuntur.
488 1869 539 1873 —
584 1851 625 1886 3.
655 1848 974 1887 Billiomenses
1002 1861 1110 1899 erya
1139 1851 1282 1889 socios
1323 1852 1528 1890 mitiores
1575 1852 1704 1901 fiunt.

179 1912 446 1952 Cardinales
474 1913 805 1963 Lothaririyius
834 1914 874 1953 et
916 1914 1224 1954 Tmmonensis
1248 1928 1333 1965 pro
1365 1915 1600 1956 Societatis
1630 1918 1709 1957 ad-

177 1980 404 2026 missione,
427 1980 476 2018 iri
497 1980 684 2018 concilio
705 1980 814 2018 cleri
842 1980 1065 2030 yallicarci
1084 1981 1217 2020 verba
1246 1982 1435 2031 faciunt.
1455 2004 1504 2009 —
1519 1986 1564 2022 4.
1579 1984 1705 2023 Pris.

176 2044 334 2082 Pontii
367 2043 621 2094 Cogordani
663 2056 811 2094 operar.
843 2067 895 2071 —
925 2049 967 2083 5.
997 2045 1312 2086 Romanorum
1350 2048 1599 2097 imperator
1621 2061 1708 2098 pro

177 2109 392 2149 Societate
421 2110 480 2149 ad
513 2109 691 2150 Galliae
719 2112 928 2161 reqinam
957 2112 1199 2161 epistulam
1229 2113 1383 2151 mittit.
1416 2135 1467 2140 —
1497 2118 1539 2153 6.
1569 2115 1710 2154 Labo-

177 2186 249 2213 res
291 2174 344 2213 P.
377 2174 687 2214 Provincialis
729 2175 769 2214 et
800 2176 1000 2214 aliorum
1041 2177 1284 2216 sociorum.
1316 2199 1369 2203 —
1405 2181 1445 2216 7.
1476 2177 1596 2218 Socii
1622 2180 1710 2218 Ro-

177 2252 298 2281 mam
327 2241 472 2280 missi.
505 2240 655 2280 Pestis
682 2242 888 2280 Parisiis
920 2242 1179 2292 grassatur.
1211 2243 1405 2282 Precum
1433 2244 1696 2294 postulatio.

151 2364 187 2403 1.
220 2362 373 2404 Gratia
402 2365 444 2404 et
473 2375 559 2415 pax
588 2364 690 2404 Dni.
723 2365 865 2405 nostri
893 2365 999 2405 Jesu
1022 2365 1188 2406 Christi
1209 2378 1310 2406 cum
1330 2367 1542 2407 omnihus
1559 2368 1704 2409 nobis.

70 2428 227 2470 Amen.
258 2429 434 2469 Libenti
464 2429 645 2481 quidem
673 2429 840 2479 animo,
873 2430 966 2472 Rde
996 2430 1042 2470 in
1073 2430 1203 2472 Chro.
1238 2432 1382 2480 Pater,
1414 2433 1497 2473 has
1530 2433 1708 2485 quadri-

70 2496 254 2535 mestres
300 2494 472 2535 tardius
520 2494 740 2535 misissem
789 2496 845 2535 ad
888 2496 940 2536 R.
974 2497 1022 2536 P.
1056 2496 1124 2545 T„
1155 2497 1243 2537 nisi
1273 2498 1358 2538 hoo
1386 2498 1535 2550 ipsum
1564 2499 1707 2539 facere

132 2644 152 2663 a
172 2636 240 2669 Sic
263 2636 309 2668 in
331 2638 496 2679 utroque
519 2638 692 2679 exemplo
706 2647 718 2675 ;
739 2638 881 2679 forsan
904 2639 1115 2680 leyendum
1137 2639 1191 2672 sit
1213 2640 1446 2673 trouandosi.

132 2770 142 2788 ¹
165 2768 409 2811 Thuringius.
435 2769 541 2803 Circa
564 2779 705 2803 annum
729 2771 807 2803 1541
840 2772 965 2810 natus,
990 2771 1214 2804 Societatem
1237 2781 1364 2805 mense
1391 2771 1598 2814 Septembri
1624 2773 1705 2805 1559

70 2822 207 2855 Romae
226 2823 432 2865 ingressus,
458 2824 682 2857 rhetoricam
705 2825 742 2857 et
764 2825 911 2857 litteras
934 2834 1087 2866 graecas
1110 2825 1282 2858 Panormi
1306 2825 1474 2858 docebat.
1500 2825 1608 2858 Anno
1625 2826 1707 2858 1564

70 2876 110 2908 in
133 2876 368 2910 Germaniam
390 2878 570 2911 remissus
593 2879 661 2911 est.
688 2878 740 2911 Cf.
765 2878 1083 2914 BRAUNSBERGER:
1107 2879 1152 2912 Β.
1176 2879 1289 2912 Petri
1315 2879 1474 2911 Canisii
1489 2878 1628 2921 Epist„
1643 2878 1703 2919 IV,

71 2930 219 2963 527-528.

134 2985 146 3002 Β
168 2983 221 3016 Ex
243 2984 378 3026 origin.
403 2985 443 3017 in
477 2985 555 3018 eod.
595 2985 680 3018 Gal.
706 2985 766 3023 53,
791 2985 827 3018 ff.
853 2986 904 3025 56,
940 2986 1001 3025 573
1026 2986 1132 3028 prius
1166 2987 1238 3026 3928,
1274 2987 1335 3019 329
1368 2987 1456 3028 (9929,
1480 2986 1568 3026 230).
1594 2986 1705 3018 Aliud

72 3037 280 3078 exemplum
302 3037 342 3070 in
364 3037 400 3071 ff.
425 3039 476 3079 58,
501 3039 554 3072 59.
572 3038 783 3072 Secundum
806 3039 970 3079 HANSEN‚
995 3039 1018 3072 1.
1044 3049 1074 3073 e.
1100 3041 1156 3072 est
1180 3040 1389 3081 exemplum
1412 3040 1452 3072 in
1475 3039 1617 3072 archiv.
1647 3048 1706 3072 co-

71 3088 208 3123 lonien.
233 3090 284 3123 Ea
306 3101 399 3124 usus
422 3093 478 3125 est
501 3092 750 3132 FOUQUERAY:
778 3092 1010 3130 Histoire...,
1036 3092 1063 3133 Ι,
1088 3094 1161 3126 253.
