2028 3531
481 270 560 306 62⁹2.
588 293 632 296 —
658 271 901 308 VINDOBONA
926 271 973 307 029
999 271 1192 308 IANUARII
1219 271 1310 307 1562
1597 269 1666 307 749

78 392 122 430 et
150 389 344 441 Spiritus
373 388 586 437 Sanctus,
611 390 687 442 alij
719 391 988 441 suspirando
1018 391 1187 430 dicere:
1211 390 1400 438 utinam,
1426 390 1594 430 utinam
1618 400 1713 440 pre-

77 455 205 496 cibus
240 454 349 495 meis
378 454 495 505 apud
529 455 668 495 Deum
700 468 874 507 possem
905 456 1091 504 efficere,
1124 468 1212 507 quo
1242 456 1330 496 cito
1352 454 1709 501 reuerteremini;

78 521 154 574 alij
185 520 379 572 denique
407 532 454 560 se
485 520 541 571 ijs
570 521 827 572 adiungere,
865 524 996 573 atque
1026 521 1288 561 Societatem
1320 522 1516 560 nostram
1539 519 1712 571 ingredi

77 589 304 638 cuperent,
336 588 378 625 et
406 597 640 636 sumopere
670 587 816 626 adhuc
859 587 1056 637 cupiant.
1089 586 1184 626 Non
1217 587 1398 626 deerant
1440 587 1602 631 tamen,
1635 584 1712 636 qui

77 664 153 692 eos
199 663 376 703 quoque
406 651 603 702 grauiter
632 663 762 702 saepe
795 654 1174 703 persequerentur,
1207 654 1340 702 atque
1375 651 1496 701 ipsos
1525 662 1615 689 non
1646 662 1714 689 so—

77 717 171 757 lum
192 728 312 756 nunc
332 716 471 756 falsos
493 716 749 767 prophetas,
774 729 892 755 nunc
914 717 1160 767 gebusitas,
1183 728 1303 756 nunc
1327 715 1571 767 phariseos,
1595 726 1714 755 nunc

78 781 349 834 hypocritas,
372 781 564 833 alijsque
589 782 927 821 contumeliosis
948 782 1209 821 nominibus
1230 782 1528 833 appellarent;
1558 792 1713 820 uerum

77 847 211 888 etiam
240 847 425 886 uerbera
468 846 744 898 plerumque,
778 859 928 886 cruces
958 849 999 886 et
1029 850 1222 887 extrema
1253 858 1426 898 queque
1469 846 1533 886 eis
1563 857 1715 897 super-

79 912 261 953 bissime
291 911 582 952 minarentur.
607 911 837 952 Coeterum
870 912 1009 951 nostri
1032 912 1268 963 peregrini,
1293 912 1369 951 Dei
1393 911 1490 962 Opt.
1514 911 1711 959 Maximi,

79 993 105 1020 a
133 995 222 1034 quo
263 979 447 1020 minime
477 977 891 1029 peregrinabantur.
942 978 1121 1017 dextera
1151 977 1253 1017 illos
1296 977 1342 1016 in
1387 977 1459 1016 his
1504 976 1714 1027 periculis

79 1048 387 1094 conseruante,
415 1055 571 1084 omnes
600 1044 716 1082 stato
747 1042 834 1081 fere
865 1045 1060 1093 tempore
1089 1043 1144 1082 ad
1179 1054 1262 1081 nos
1291 1042 1367 1082 leti
1397 1044 1438 1082 et
1469 1041 1715 1081 incolumes

80 1114 657 1222 Γθῃξᾶῒὲὶρτοὺᾶῖίοηθω,
689 1180 779 1218 qua
825 1167 1021 1207 Societas
1065 1169 1217 1206 nostra
1262 1167 1325 1207 uti
1369 1167 1497 1214 solet,
1529 1166 1715 1206 admissi

79 1240 185 1278 sunt
213 1237 350 1277 unius
379 1234 612 1275 dumtaxat
642 1233 808 1272 mensis
838 1232 1075 1280 curriculo,
1110 1235 1282 1283 praeter
1324 1232 1438 1271 alios
1480 1232 1713 1283 quosdam,

79 1300 391 1352 duodeuiginti
422 1299 623 1349 insignes
657 1297 975 1343 adolescentes,
1008 1299 1155 1347 atque,
1189 1299 1236 1336 ut
1257 1298 1454 1347 apparet,
1483 1295 1716 1336 Societatis

78 1366 286 1406 instituto
315 1363 553 1417 aptissimi,
586 1374 675 1402 non
706 1362 803 1401 sine
833 1373 1023 1407 summo,
1057 1363 1105 1400 ut
1138 1373 1384 1412 speramus,
1417 1362 1460 1400 et
1494 1360 1639 1400 fructu
1675 1361 1715 1399 et

79 1444 263 1473 suarum
293 1431 544 1471 animarum
570 1427 891 1468 consolatione.
918 1427 1186 1466 Exercentur
1215 1426 1333 1466 enim
1364 1426 1452 1478 pijs
1481 1425 1717 1477 quotidiea

80 1496 463 1543 meditationibus,
495 1495 629 1544 atque
659 1493 707 1532 in
737 1492 908 1532 uilibus
939 1491 1370 1542 demissioribusque
1413 1490 1583 1541 offitijs,
1615 1502 1716 1530 cum

78 1574 234 1603 omnes
253 1574 307 1602 ex
327 1573 484 1613 aequo,
507 1562 602 1600 tum
625 1558 814 1598 maxime
836 1558 1115 1605 recentiores,
1135 1570 1157 1597 e
1178 1558 1343 1609 quibus
1363 1557 1389 1596 4
1408 1556 1426 1582 b
1458 1559 1560 1596 ante
1582 1568 1716 1607 quam

80 1628 395 1680 reciperentur,
427 1627 489 1666 ita
519 1624 900 1675 conspirauerant,
932 1626 978 1663 ut
1008 1635 1107 1663 cum
1156 1623 1357 1662 uiderent
1400 1622 1591 1661 nimium
1622 1633 1716 1672 per-

80 1693 198 1734 trahi
227 1705 356 1734 suam
387 1692 434 1731 in
464 1693 666 1731 nostrum
715 1701 949 1729 numerum
1001 1688 1335 1735 admissionem,
1366 1687 1605 1738 collegium
1635 1686 1716 1726 ali-

80 1759 256 1811 quoties
303 1757 509 1810 ingressi,
548 1756 673 1796 nulla
722 1755 848 1795 illinc
894 1754 1065 1793 ratione
1112 1754 1247 1793 auelli
1299 1752 1537 1804 potuerint,
1578 1752 1718 1792 donec

80 1836 264 1865 suorum
295 1825 503 1864 uotorum
533 1823 760 1872 compotes
790 1828 805 1846 0
826 1820 1119 1859 efficerentur.

159 1890 198 1930 4.
231 1890 394 1930 Verum
427 1888 534 1928 haec
564 1887 781 1926 hactenus
811 1886 864 1925 de
895 1885 1165 1924 domesticis.
1198 1885 1341 1924 Locus
1371 1883 1458 1923 iam
1490 1883 1718 1934 postulare

81 1956 274 2004 uidetur,
306 1958 354 1995 ut
384 1967 498 2006 quae
528 1954 575 1993 in
605 1953 773 1993 scholis
801 1952 965 1991 nostris
995 1953 1204 1999 aguntur,
1228 1949 1408 1989 silentio
1429 1961 1606 2001 quoque
1626 1960 1717 1988 non

81 2022 385 2063 inuoluamus
421 2020 702 2060 Professores
722 2017 897 2058 classici
921 2016 1152 2056 duodecim
1177 2027 1360 2055 numero
1386 2017 1505 2061 sunt,
1529 2025 1718 2065 quorum

81 2087 128 2127 in
157 2099 239 2127 sua
268 2087 460 2139 quisque
490 2084 720 2125 functione
741 2083 949 2130 gnauiter
970 2084 1187 2121 uersatur.
1212 2080 1372 2120 Schola
1402 2079 1583 2131 logices,
1605 2090 1719 2130 quae

81 2152 404 2204 posterioribus
433 2149 835 2203 quadrimestribus
865 2150 963 2187 octo
993 2148 1046 2186 ad
1078 2158 1301 2186 summum
1333 2145 1558 2185 auditores
1588 2145 1720 2184 habe—

81 2218 171 2266 bat,
202 2218 291 2257 iam
321 2217 376 2257 ad
405 2217 458 2256 920
488 2227 727 2255 numerum
758 2213 967 2253 excreuit.
1017 2212 1233 2252 Exercitia
1277 2223 1383 2251 uero
1427 2210 1593 2261 quibus
1627 2212 1717 2249 stu-

81 2283 213 2332 diosi,
245 2285 339 2323 tum
381 2282 438 2322 ad
469 2282 699 2323 uirtutem.
733 2282 827 2319 tum
873 2279 929 2318 ad
972 2277 1266 2329 capessendas
1297 2277 1437 2315 bonas
1467 2277 1583 2314 artes
1613 2274 1721 2314 exti-

83 2338 326 2396 mulantur,
358 2348 538 2388 diuersa
569 2348 689 2394 sunt,
722 2357 803 2385 nec
842 2357 892 2385 ea
935 2344 1113 2396 quidem
1159 2341 1470 2393 infrequentia.
1504 2340 1719 2391 Theologi

82 2414 152 2454 bis
181 2414 335 2466 legunt
365 2412 598 2465 quottidie,
633 2411 792 2463 reliqui
825 2413 872 2450 ut
902 2412 1017 2450 ante.
1066 2408 1253 2459 Logicae
1282 2406 1496 2447 canditati
1527 2405 1720 2457 singulis

82 2479 439 2519 hebdomadibus
459 2477 493 2527 d,
544 2480 716 2529 praeter
758 2476 1045 2528 quotidianas
1075 2473 1426 2519 exercitationes,
1467 2471 1584 2511 diem
1623 2471 1720 2510 sab-

82 2545 208 2585 bathi
229 2547 372 2585 totum
401 2543 786 2595 disputationibus
815 2542 1088 2582 consecrant.
1115 2537 1419 2579 Humanitatis
1448 2536 1657 2587 discipuli
1679 2538 1721 2576 et

84 2611 282 2651 rhetores
315 2610 363 2650 in
384 2610 482 2650 suis
517 2608 782 2660 segregatim
815 2607 982 2647 scholis
1013 2606 1127 2645 idem
1160 2606 1311 2655 agunt.
1345 2602 1548 2654 Exigitur
1576 2614 1602 2641 a
1631 2602 1722 2641 sin-

83 2676 203 2728 gulis
231 2677 390 2715 octauo
433 2686 612 2726 quoque
641 2674 712 2713 die
754 2672 1038 2713 exactissima
1085 2670 1311 2709 doctrinae
1358 2667 1629 2707 christianae
1655 2679 1722 2706 ra-

83 2741 168 2790 ti03
200 2741 468 2781 confitentur
497 2751 652 2779 omnes
681 2738 877 2790 singulis
909 2737 1162 2782 mensibus,
1196 2734 1315 2786 quod
1336 2733 1417 2773 etsi
1449 2732 1719 2784 quibusdam

84 2806 216 2846 ualde
258 2805 306 2845 in
336 2805 493 2857 primis
536 2804 737 2844 insolens
783 2803 1034 2845 uidebatur,
1082 2811 1200 2840 nunc
1231 2801 1378 2838 tamen
1418 2797 1555 2837 alacri
1586 2796 1719 2836 etiam

84 2870 234 2911 animo
264 2870 482 2922 paulatim
511 2870 792 2916 assuescunt,
826 2868 936 2907 adeo
970 2869 1016 2906 ut
1046 2866 1160 2905 inter
1191 2864 1293 2903 illos
1326 2874 1415 2902 non
1450 2861 1611 2908 desint,
1643 2860 1720 2912 qui

83 2936 126 2976 8⁰
155 2948 332 2988 quoque
352 2936 423 2976 die
453 2935 499 2975 id
529 2936 769 2986 praestent,
793 2935 925 2985 atque
947 2932 1230 2972 sacrosancto
1251 2928 1547 2969 eucharistiae
1577 2939 1722 2967 sacra-

146 3045 165 3064 a
184 3036 348 3070 Emona.
373 3045 420 3069 ex
452 3034 653 3077 quottidie.
678 3053 715 3056 —
742 3034 760 3060 b
778 3033 860 3066 Del.
891 3032 1070 3075 germani.
1095 3050 1134 3053 —
1158 3040 1172 3057 c
1195 3030 1276 3062 Del.
1305 3028 1458 3069 singuli.
1484 3047 1522 3050 —
1543 3034 1561 3060 d
1583 3028 1719 3061 hebdo-

90 3090 276 3123 madimus
299 3099 371 3123 ms.
