2028 3531
660 782 1231 844 PRAEFATIO

243 1031 351 1070 Post
379 1030 543 1080 septem
574 1039 718 1068 annos
749 1042 775 1068 a
804 1029 1033 1068 volumine
1073 1030 1124 1066 61
1154 1027 1417 1066 nostrorum
1452 1025 1766 1064 Monumento-

136 1121 242 1148 rum
272 1106 482 1158 (Litterae
512 1105 883 1155 Quadrimestres,
916 1104 991 1155 VI)
1023 1105 1151 1152 edito,
1184 1117 1237 1143 en
1263 1104 1355 1153 tibi,
1389 1104 1523 1143 lector
1552 1102 1765 1148 benevole,

139 1186 224 1225 vol.
280 1186 347 1232 62,
378 1182 569 1222 Litterae
617 1182 987 1233 Quadrimestres,
1028 1181 1124 1221 VH.
1157 1182 1448 1221 Necessariae
1494 1181 1768 1219 mutationes

137 1265 373 1309 sociorum,
407 1262 568 1311 quibus
591 1262 805 1312 paranda
849 1261 1007 1311 aliqua
1049 1261 1285 1299 volumina
1328 1260 1568 1297 commissa
1609 1258 1769 1306 erant,-

138 1340 309 1389 tempus
338 1339 661 1388 exspectatione
712 1339 892 1388 longius
940 1339 986 1376 in
1027 1337 1209 1376 edendis
1238 1336 1359 1385 aliis,
1392 1347 1503 1385 quae
1531 1335 1652 1373 inter
1682 1334 1768 1372 duo

135 1416 417 1456 Litterarum
452 1416 865 1463 Quadrimestrium
886 1417 1092 1465 impriini
1122 1414 1375 1453 debuissent
1391 1428 1404 1460 ,·
1435 1413 1677 1451 translatio
1700 1411 1769 1450 de-

132 1496 268 1543 niqne
315 1494 463 1532 nostri
505 1495 652 1544 operis
699 1506 751 1532 ex
798 1494 1027 1543 Hispania
1073 1494 1122 1530 in
1168 1491 1338 1540 Urbem,
1370 1491 1409 1530 et
1437 1491 1683 1529 necessarii
1713 1489 1769 1528 ad

130 1571 247 1610 hanc
279 1572 627 1611 translationem
659 1571 845 1617 labores,
877 1573 925 1609 in
957 1582 1095 1609 causa
1128 1570 1314 1619 fuerunt
1344 1569 1394 1607 ut
1436 1568 1513 1606 hoc
1560 1567 1769 1606 volumen

132 1650 266 1689 solito
297 1651 446 1689 serius
475 1651 525 1688 in
576 1651 715 1689 lucem
765 1649 956 1696 edatur,·
984 1649 1033 1687 ut
1064 1649 1209 1698 aliqui
1247 1649 1337 1686 iam
1371 1646 1642 1685 crediderint
1672 1646 1768 1683 Mo-

134 1728 353 1766 numenta
382 1728 542 1766 nostra
571 1728 705 1777 finem
734 1726 956 1765 habuisse.
987 1726 1289 1764 Renascimur
1318 1736 1435 1771 vero,
1468 1724 1507 1762 et
1551 1723 1602 1762 nt
1631 1722 1772 1761 solide

131 1817 385 1855 speramus,
418 1805 515 1843 alia
535 1805 771 1844 volumina
796 1816 887 1843 non
908 1804 973 1842 ita
995 1803 1125 1853 longo
1156 1802 1397 1841 intervallo
1427 1800 1768 1850 subsequentur.

242 1883 481 1932 Praesens,
521 1883 557 1922 V
582 1883 621 1921 et
658 1883 723 1921 VI
748 1882 833 1921 vol.
866 1883 1151 1920 Litterarum
1186 1880 1597 1928 Qnadrimestrium
1636 1878 1772 1917 conti-

133 1961 293 1999 nuatio
323 1961 416 2007 est;
448 1972 587 2010 quare
617 1972 728 2010 quae
756 1961 805 1999 in
836 1960 1025 1998 illorum
1068 1959 1216 2005 initio,
1257 1958 1297 1997 et
1324 1958 1565 2007 praecipue
1598 1957 1647 1994 in
1672 1967 1772 2005 pre-

132 2039 304 2088 fatione
333 2038 418 2076 vol.
459 2038 506 2084 V,
539 2038 590 2077 de
617 2038 783 2076 harum
828 2038 1087 2076 litterarum
1126 2036 1295 2074 natura
1339 2035 1378 2073 et
1422 2046 1511 2073 usu
1554 2033 1770 2081 diximus,

136 2117 207 2155 hic
228 2116 525 2166 intelligenda
554 2117 675 2162 sunt,
705 2128 782 2154 nec
814 2115 1015 2165 longiore
1031 2114 1314 2165 praefatione
1335 2124 1445 2162 opus
1465 2124 1558 2151 esse
1578 2111 1769 2150 videtur.

242 2193 301 2231 In
330 2192 408 2231 hoc
444 2192 537 2231 VII
563 2193 648 2231 vol.
681 2192 837 2231 nullae
884 2192 974 2241 fere
1004 2192 1110 2230 sunt
1152 2190 1328 2229 litterae
1358 2201 1384 2228 a
1414 2189 1612 2227 Polanco
1643 2188 1774 2226 casti-

132 2271 279 2321 gatae,
312 2272 408 2310 tum
431 2271 617 2321 propter
645 2271 783 2309 liuius
812 2271 972 2309 Patris
1000 2269 1285 2319 urgentiores
1323 2269 1371 2306 in
1402 2267 1495 2306 dies
1525 2267 1772 2316 occupatio-

137 2360 228 2395 nes,
260 2349 300 2387 et
328 2349 510 2398 propter
538 2349 624 2386 iter
651 2348 883 2398 gallicum,
916 2347 1032 2397 quod
1061 2346 1114 2386 P.
1147 2346 1336 2385 Lainem
1366 2344 1622 2395 generalem
1642 2344 1774 2382 comi-

137 2426 261 2464 tatus
292 2426 501 2474 conficere
549 2426 726 2464 coactus
773 2425 866 2464 est:
897 2425 992 2463 tum
1040 2425 1147 2473 quia
1194 2424 1344 2462 maior
1373 2434 1483 2461 cura
1530 2423 1578 2460 in
1611 2421 1776 2459 litteris

134 2503 384 2542 scribendis
412 2515 586 2553 semper
615 2502 1023 2542 commendabatur.
1054 2502 1128 2540 Ita
1177 2502 1246 2540 die
1276 2503 1331 2540 30
1360 2500 1536 2550 Aprilis
1578 2500 1774 2538 Provin-

138 2580 329 2620 cialibus
358 2581 611 2631 Hispaniae
642 2579 697 2627 (et
721 2580 1017 2630 probabiliter
1052 2579 1159 2618 aliis
1189 2577 1413 2625 omnibus)
1443 2578 1587 2616 Roma
1616 2576 1775 2615 scribe-

139 2657 302 2697 batur:
333 2671 353 2691 «
452 2658 585 2696 Estos
615 2658 715 2696 dias
764 2670 809 2696 se
855 2657 982 2696 envio
1015 2657 1060 2696 la
1088 2657 1238 2706 forma
1268 2656 1337 2694 del
1367 2656 1541 2694 screuir
1584 2654 1634 2693 de
1664 2654 1775 2693 cada

133 2736 393 2784 prouincia.
426 2735 624 2785 Despue's
654 2734 733 2774 aca
764 2747 810 2773 se
839 2735 992 2784 offrece
1039 2734 1242 2773 occasion
1291 2733 1341 2771 de
1387 2732 1684 2771 encomendar
1720 2743 1774 2770 en

135 2812 396 2861 particular
423 2825 488 2852 un
511 2813 656 2863 punto
688 2825 770 2862 que
799 2824 853 2851 en
898 2813 942 2851 la
985 2811 1113 2851 dicha
1142 2812 1292 2860 forma
1330 2823 1375 2849 se
1423 2810 1531 2857 toca,
1562 2822 1590 2860 y
1619 2822 1663 2848 es
1694 2821 1776 2858 que

140 2900 188 2926 se
217 2890 393 2928 escriua
422 2890 473 2928 de
505 2890 573 2929 las
603 2902 729 2929 cosas
759 2890 809 2928 de
839 2889 1108 2939 edificacion,
1140 2889 1219 2927 tan
1249 2889 1322 2927 sin
1367 2888 1584 2938 perjuicio
1615 2887 1683 2925 del
1712 2898 1776 2925 se-

140 2965 271 3013 creto,
304 2977 385 3015 que
431 2979 476 3005 se
522 2967 640 3017 haya
687 2968 858 3014 cuenta‚
891 2979 973 3016 que
1022 2966 1252 3017 leye'ndose
1280 2977 1333 3004 en
1366 2965 1410 3004 la
1439 2966 1605 3003 misma
1635 2964 1776 3003 tierra

144 3041 216 3080 las
247 3041 397 3091 tetras,
428 3056 486 3083 no
514 3045 661 3095 pueda
709 3057 928 3095 quexarse
975 3056 1052 3083 con
1101 3044 1239 3083 razo'n
1268 3044 1474 3093 ninyuno
1510 3042 1560 3081 de
1589 3054 1672 3092 que
1700 3053 1776 3081 sea
