2028 3531
339 268 407 304 712
811 266 1015 303 erTmzAE
1049 266 1393 312 QuAanEs'ars

371 388 409 427 7.
444 388 532 427 Iam
565 387 619 426 ad
649 398 723 426 eos
754 385 886 425 uenio
915 385 1079 437 quibus
1108 385 1155 424 in
1184 384 1322 424 animi
1360 384 1636 435 aegritudine
1664 386 1706 424 et
1744 396 1910 424 merore

294 452 450 503 positis
497 452 639 491 solent
688 452 839 490 Patres
885 449 1232 490 consolationem
1281 448 1503 489 adhibere.
1547 448 1725 489 Adsunt
1770 449 1910 488 nostri

293 516 450 568 majori
492 528 544 556 ex
588 518 724 567 parte,
757 515 889 554 etiam
932 514 1100 566 pluries
1131 525 1205 565 per
1234 515 1406 553 noctem
1444 513 1602 562 uocati,
1634 513 1706 553 his
1735 513 1811 565 qui
1840 525 1911 553 ex—

292 583 478 621 tremum
509 581 627 621 uitae
669 580 785 619 diem
815 581 976 631 agunt;
1009 591 1061 619 ex
1090 590 1177 629 qua
1221 589 1265 617 re
1300 578 1489 618 multum
1533 577 1827 618 edificationis
1855 577 1910 617 ad

292 656 446 684 omnes
474 647 563 684 tam
594 645 844 696 populares,
875 655 1008 694 quam
1039 643 1235 682 illustres
1265 642 1483 693 peruenit,
1514 642 1624 682 adeo
1654 643 1701 682 ut
1729 641 1911 693 quidam

294 710 538 750 monachus
566 709 738 749 ordinis
758 708 897 747 sancti
920 707 1132 747 Bernardi
1155 709 1351 746 nostram
1372 718 1566 757 operam,
1587 717 1688 746 cum
1713 706 1912 746 animum

292 777 408 815 esset
435 775 737 815 exhalaturus.
772 774 1027 824 postularet.
1061 773 1241 812 Praetor
1273 771 1469 823 quidam,
1491 771 1568 822 qui
1598 771 1742 822 aegris
1770 770 1913 810 oculis

294 850 375 879 nos
404 839 620 890 inspicere
663 839 847 885 solebat,
879 837 1071 877 animam
1113 837 1205 888 jam
1248 847 1399 887 agens,
1431 835 1586 876 ascisci
1630 835 1732 875 fecit
1762 835 1914 875 Patres

294 906 484 952 nostros,
515 903 592 955 qui
631 905 724 943 tum
766 902 978 953 temporis
1020 902 1105 941 sibi
1149 913 1276 952 opem
1320 901 1497 948 ferrent,
1528 900 1820 952 effectumque
1847 902 1914 940 est

294 968 449 1008 diuina
478 968 775 1013 miseratione,
808 970 857 1007 ut
893 967 970 1018 qui
1014 967 1143 1006 nobis
1185 967 1422 1006 aduersum
1465 966 1656 1005 habebat
1697 965 1912 1013 animum,

295 1032 355 1072 ita
386 1034 643 1079 mutaretur,
676 1034 724 1072 ut
753 1044 831 1072 nec
862 1031 1073 1082 temporis
1104 1032 1326 1070 momento
1346 1030 1442 1070 sine
1464 1031 1643 1070 Patrum
1665 1029 1915 1081 praesentia

294 1109 390 1138 esse
419 1099 663 1148 pateretur;
695 1100 826 1149 atque
856 1097 917 1136 ita
948 1097 1076 1136 Pater
1107 1098 1193 1135 tres
1224 1097 1373 1135 noctes
1399 1095 1594 1147 integras
1622 1106 1722 1135 cum
1751 1094 1830 1134 illo
1850 1094 1915 1134 in-

294 1174 472 1202 somnes
514 1163 666 1210 duxit;
712 1162 918 1202 confesus
961 1163 1055 1210 est3
1087 1163 1129 1200 et
1167 1163 1215 1200 ut
1248 1162 1578 1200 sacrosanctum
1621 1158 1915 1199 eucharistiae

295 1228 620 1267 sacramentum
651 1227 875 1278 reciperet,
906 1238 1006 1266 cum
1037 1225 1255 1265 intellexit
1292 1224 1386 1276 jam
1429 1224 1515 1264 sibi
1558 1223 1720 1271 afferri,
1752 1235 1775 1263 e
1804 1223 1915 1263 lecto

295 1304 482 1343 surgens
525 1292 782 1332 feruentiori
825 1292 974 1331 animo
1004 1291 1050 1330 in
1079 1291 1234 1330 laudes
1268 1290 1339 1330 sui
1368 1289 1579 1329 creatoris
1607 1299 1913 1340 prorumpens,

296 1357 423 1397 illum
466 1357 670 1407 sumpsit.
703 1357 948 1396 Aestuabat
989 1367 1096 1395 sane
1139 1357 1288 1406 postea
1323 1354 1573 1394 uehementi
1603 1352 1836 1399 desiderio,
1868 1354 1916 1392 ut

296 1421 390 1472 ipse
419 1433 521 1473 sepe
549 1422 737 1471 dicebat,
761 1421 947 1461 uocibus
977 1420 1023 1460 in
1052 1420 1223 1460 coelum
1256 1418 1460 1467 sublatis,
1483 1430 1560 1469 per
1594 1417 1762 1458 medios
1792 1412 1915 1458 uicos

296 1488 427 1538 atque
457 1487 625 1537 plateas
655 1487 832 1526 ueniam
862 1487 918 1525 ab
948 1486 1018 1525 his
1051 1487 1207 1536 petere,
1239 1484 1403 1536 quibus
1437 1483 1509 1523 uel
1544 1482 1772 1523 minimam
1803 1481 1918 1534 inju-

297 1551 406 1591 riam
438 1551 670 1603 irrogarat.
702 1551 897 1590 Tandem
929 1551 1043 1590 inter
1072 1551 1180 1589 haec
1209 1551 1340 1600 atque
1374 1549 1419 1588 id
1452 1548 1627 1600 generis
1657 1547 1751 1599 [sic]
1782 1547 1918 1587 uerba

297 1628 319 1656 e
348 1616 469 1656 uiuis
498 1616 708 1665 excessit3
754 1616 800 1655 in
845 1616 973 1667 cujus
1016 1615 1248 1655 funeribus
1290 1614 1419 1653 Pater
1461 1614 1620 1653 Rector
1661 1611 1917 1652 concionem

296 1681 467 1721 habuit.
501 1681 610 1732 Sepe
639 1681 859 1732 contingit
889 1682 935 1720 ut
966 1681 1117 1720 Patres
1148 1680 1230 1719 hoc
1274 1690 1454 1718 munere
1498 1678 1747 1729 fungentes,
1778 1676 1918 1716 homi·

297 1757 376 1786 nes
404 1757 640 1797 oppressos
681 1757 731 1785 ac
770 1757 880 1796 pene
923 1746 1098 1785 euectos
1130 1752 1148 1770 ³²
1183 1744 1298 1783 fame
1342 1743 1575 1794 reperiant,
1606 1742 1770 1794 quibus
1812 1751 1918 1781 sane

297 1810 427 1850 datur
469 1822 616 1861 opera,
648 1813 696 1850 ut
739 1810 921 1850 ditiores
963 1809 1190 1860 suppetias
1228 1809 1384 1848 ferant.
1417 1807 1542 1858 Quod
1571 1807 1609 1847 si
1641 1818 1709 1846 res
1751 1817 1919 1846 moram

298 1887 389 1915 non
419 1875 599 1926 patitur,
630 1887 682 1915 ex
711 1875 925 1915 tenuitate
954 1876 1106 1914 nostra
1148 1873 1240 1913 illis
1282 1872 1598 1913 succurrimus.
1630 1871 1751 1922 Quae
1785 1870 1917 1918 fama,

298 1942 346 1980 ut
375 1940 567 1991 primum
610 1940 665 1979 ad
708 1939 821 1979 alios
862 1938 1121 1984 euolauerit,
1155 1950 1243 1977 non
1286 1937 1396 1978 satis
1430 1939 1680 1977 nostrorum
1712 1935 1919 1987 pietatem

297 2004 590 2045 admirantur.

375 2070 414 2109 8.
449 2070 708 2110 Incendium
749 2070 972 2121 quoddam
1020 2069 1066 2108 in
1109 2069 1192 2108 hoc
1240 2068 1552 2107 uallisoletano
1600 2066 1618 2092 b
1651 2065 1815 2117 oppido
1858 2064 1919 2104 ita

298 2134 535 2174 excitatum
566 2136 646 2183 est,
678 2137 728 2174 ut
752 2146 887 2185 supra
906 2134 985 2172 600
1004 2133 1159 2173 domos
1179 2133 1293 2172 intra
1315 2132 1503 2172 duorum
1525 2131 1695 2171 dierum
1726 2129 1919 2181 spatium

297 2200 588 2247 combureret,
611 2200 688 2239 ubi
709 2211 799 2239 non
830 2210 967 2250 parua
988 2200 1241 2237 nostrorum
1262 2197 1494 2248 diligentia
1517 2195 1680 2247 profuit
1704 2195 1751 2234 in
1779 2196 1920 2234 trans-

299 2264 491 2304 ferendis
512 2264 616 2304 hinc
637 2264 739 2304 inde
760 2264 891 2303 rebus
916 2262 1227 2308 familiaribus,
1256 2262 1537 2308 utensilibus,
1569 2258 1868 2310 mercimoniis
1887 2265 1918 2306 0,

298 2331 340 2369 et
369 2329 472 2381 alijs
500 2329 732 2369 domorum
761 2327 1166 2379 suppellectilibus;
1212 2327 1330 2378 quod
1373 2337 1536 2366 munus
1579 2337 1669 2365 non
1711 2323 1920 2364 omnibus

298 2394 678 2442 committebatur;
710 2395 803 2433 erat
831 2393 949 2432 enim
980 2394 1102 2432 tanta
1129 2391 1416 2443 perturbatio,
1442 2393 1489 2431 ut
1518 2390 1702 2430 euidens
1730 2390 1846 2429 esset
1865 2388 1921 2428 ad

299 2459 473 2498 infinita
508 2459 624 2498 furta
654 2458 802 2498 aditus
830 2457 848 2484 d
887 2458 1146 2508 patefactus,
1178 2458 1309 2507 atque
1339 2456 1448 2495 adeo
1478 2467 1567 2495 non
1597 2465 1753 2506 parum
1783 2465 1830 2493 se
1859 2452 1920 2492 fe-

299 2523 412 2563 cisse
442 2524 672 2574 putabant,
703 2523 882 2574 quando
902 2522 1096 2573 aliquem
1126 2533 1178 2560 ex
1209 2520 1373 2560 nostris
1402 2522 1444 2560 et
1473 2519 1664 2559 aliorum
1694 2517 1921 2569 religioso-

301 2600 397 2628 rum
428 2587 639 2627 fratribus
669 2587 1052 2633 nanciscebantur,
1075 2585 1239 2636 quibus
1259 2585 1416 2624 charas
1438 2596 1506 2624 res
1527 2584 1658 2623 fidere
1687 2583 1868 2634 possent
1887 2588 1918 2621 e,

301 2652 540 2704 Suscepere
569 2652 708 2692 nostri
745 2651 1014 2702 prouintiam
1057 2650 1241 2690 sedandi
1285 2649 1620 2689 uoracissimam
1663 2647 1839 2701 flamam
1868 2658 1921 2686 ex

302 2730 390 2757 una
420 2719 557 2768 parte,
589 2728 702 2768 quae
727 2717 820 2768 jam
851 2715 1305 2766 magnificentioribus
1335 2713 1548 2754 aedificiis
1569 2713 1837 2760 minabatur,
1860 2712 1922 2750 at-

302 2794 403 2833 que,
434 2782 610 2822 Christo
641 2781 845 2833 propitio,
878 2780 970 2820 uoti
1000 2782 1224 2830 compotes
1258 2780 1510 2819 euaserunt.
1548 2778 1734 2818 Multum
1764 2776 1811 2816 in
1841 2776 1922 2815 hac

304 2859 347 2887 re
378 2847 646 2887 insudarunt
676 2847 843 2894 Patres,
867 2845 975 2884 adeo
1007 2847 1053 2884 ut
1082 2846 1258 2895 propter
1278 2844 1538 2884 diuturnum
1559 2843 1922 2891 constantemque

363 3004 381 3022 a
401 2995 468 3027 Sic
491 2994 524 3027 A
558 2996 594 3027 et
618 2994 661 3033 B,
696 3002 767 3035 pro
790 2993 949 3025 enectos,
986 3010 1025 3014 —
1049 2991 1067 3017 b
1088 2991 1333 3023 ualisoletano
1356 2990 1402 3023 A.
1437 3009 1477 3013 —
1500 2998 1516 3017 c
1535 2987 1790 3030 mercemonijs
1812 2986 1858 3020 A.
1883 3005 1922 3010 -—

302 3048 320 3075 d
341 3048 492 3081 additus
515 3047 560 3080 A.
597 3066 635 3070 —
657 3055 672 3074 e
695 3046 854 3088 possunt
884 3044 929 3077 A.
