2028 3531
572 269 654 305 549.
683 289 724 294 —
753 267 894 305 EBORA
919 267 966 303 26
992 267 1180 304 Aueusm
1210 266 1296 302 1561
1631 268 1698 304 407

118 401 232 441 quae
261 389 317 428 ad
346 388 552 428 diuinum
596 388 762 428 cultum
808 386 1053 438 pertinent3
1099 397 1242 436 nuper
1273 385 1391 424 enim
1437 389 1747 426 ornamentum

117 454 342 506 quoddam
373 453 614 493 candidum
656 452 940 499 undulatum,
981 450 1174 490 attalicis
1204 449 1355 489 limbis
1385 449 1660 497 distinctum,
1693 452 1748 490 ad

119 519 318 571 Virginis
360 518 600 559 Genitricis
643 518 769 565 festa,
801 519 890 557 tres
919 527 1076 567 nempe
1119 515 1417 555 sacerdotales
1454 517 1616 563 uestes,
1649 516 1750 555 toti-

117 585 306 635 demque
335 583 490 623 altaris
520 584 781 622 ornamenta
811 584 853 621 et
873 593 1014 622 unum
1045 580 1245 632 suggesti
1275 579 1573 631 Olyssippone
1602 580 1747 620 misit:

118 661 198 690 nec
226 651 372 689 cessat
402 648 556 688 multis
577 660 660 688 nos
680 647 783 699 alijS
812 646 943 687 donis
972 646 1166 693 afficere;
1189 657 1244 685 ea·
1265 645 1384 685 enim
1406 657 1451 685 re
1471 657 1751 696 summopere

118 714 376 754 delectatur.
401 713 646 753 Peculiaris
662 712 879 764 quaedam
911 711 1023 751 ratio
1049 723 1132 751 nos
1152 711 1207 751 ad
1229 710 1596 762 perfectissimam
1618 710 1752 750 ratio-

118 791 234 828 nem,
266 781 309 818 et
336 778 642 830 proximorum
673 777 910 818 utilitatem
945 776 992 816 in
1026 776 1111 816 hoc
1130 775 1319 827 collegio
1350 775 1528 815 uidetur
1557 775 1753 827 impelle-

118 856 179 893 re,
207 843 569 895 quandoquidem
592 855 645 882 ex
665 842 818 883 diuina
850 841 1117 881 liberalitate
1145 840 1368 892 prouenit,
1392 842 1440 880 ut
1460 842 1503 880 et
1532 840 1605 880 hic
1634 840 1754 891 prin-

118 922 236 961 ceps,
268 911 311 949 et
338 920 494 949 omnes
536 908 612 959 alij
645 907 864 959 singulari
894 907 1090 958 quodam
1119 914 1138 933 a
1172 906 1337 954 studio,
1369 907 1412 945 et
1441 906 1754 946 beneuolentia

118 987 223 1027 erga
269 973 533 1015 Societatem
580 973 853 1021 afficiantur3
886 972 1007 1023 quod
1035 983 1143 1012 sane
1174 983 1264 1011 non
1293 983 1451 1022 parum
1489 971 1674 1018 confert,
1706 972 1755 1011 ut

120 1039 346 1092 proximos
376 1039 424 1078 in
467 1039 658 1079 Domino
688 1038 845 1078 iuuare
873 1037 1114 1089 possimus.
1146 1037 1352 1088 Magnam
1383 1048 1504 1088 spem
1537 1036 1756 1076 habemus

120 1104 362 1145 immortali
400 1104 492 1144 Deo
523 1103 629 1156 [sic]
661 1115 789 1144 suam
819 1102 951 1143 nobis
979 1102 1168 1154 gratiam
1199 1101 1392 1153 benigne
1420 1113 1753 1149 concessurum,

123 1171 171 1210 ut
198 1169 244 1209 id
273 1169 462 1221 perfecte
495 1180 783 1219 exequamur,
805 1167 1095 1218 eamdemque
1124 1168 1173 1206 tu
1202 1166 1349 1216 nobis,
1381 1166 1634 1206 uenerande
1664 1166 1754 1214 Pr.‚

121 1234 260 1275 sacris
293 1235 385 1274 tuis
428 1233 761 1286 precationibus
806 1232 1082 1284 impetrabis.
1129 1232 1369 1283 Reliquum
1400 1233 1481 1280 est,
1513 1233 1563 1271 ut
1595 1243 1621 1271 a
1641 1230 1660 1257 b
1694 1243 1757 1271 re-

124 1300 317 1340 uerenda
357 1307 372 1326 0
409 1300 457 1339 P.
490 1299 539 1339 T.
590 1299 793 1339 omnium
842 1298 979 1338 huius
1026 1297 1187 1338 domus
1235 1298 1431 1346 Patrum,
1481 1297 1757 1348 fratrumque

121 1365 303 1405 nomine
332 1364 520 1405 summis
549 1364 756 1416 precibus
789 1363 1070 1411 contendam,
1116 1364 1164 1403 ut
1199 1362 1330 1403 nobis
1375 1374 1517 1413 usque
1559 1362 1758 1402 insthinc

124 1429 230 1483 [sic]
262 1430 374 1470 bene
416 1429 622 1481 preceris.
670 1429 733 1469 Ex
762 1429 847 1469 hoc
889 1428 1079 1480 collegio
1108 1428 1314 1468 eborensi
1335 1428 1419 1468 VIJ
1453 1427 1624 1468 calend.
1655 1427 1759 1478 Sep-

125 1495 309 1536 tembris
338 1507 458 1535 anno
484 1495 601 1535 1561.
642 1494 706 1534 De
728 1494 939 1534 mandato
968 1493 1115 1533 Patris
1144 1493 1196 1534 D.
1230 1493 1407 1533 Leonis.

230 1561 450 1612 Indignus
479 1560 601 1600 filius
629 1560 676 1600 in
707 1559 899 1599 Domino
929 1559 978 1600 T.
1013 1559 1060 1599 P.

1201 1615 1454 1701 EMMANuigL
1483 1659 1594 1701 Gols
1624 1666 1650 1700 1.

230 1789 490 1839 Inscriptio.
521 1786 761 1827 Mittendae
790 1785 838 1826 in
868 1785 1147 1848 prouinciam
1178 1785 1333 1826 Italiae
1361 1785 1472 1826 citra
1502 1785 1704 1825 Romam.

126 1967 146 1987 a
165 1959 353 2001 quoddam
376 1968 448 1991 ms.
473 1977 513 1981 —-
536 1958 554 1985 b
575 1967 597 1990 a
619 1967 747 1999 supra
769 1966 872 1990 vers.
898 1976 938 1981 —-
960 1966 975 1985 c
996 1957 1121 1990 Prius
1142 1957 1395 1990 reuerendam.

189 2123 199 2140 ¹
222 2121 274 2153 De
296 2120 477 2162 epistolae
509 2120 661 2152 auctore
684 2118 728 2151 cf.
753 2119 807 2151 sis
830 2118 1126 2151 SOMMERVOGEL:
1160 2118 1473 2160 Bibliotheque...
1499 2118 1569 2150 sub
1592 2127 1626 2150 V.
1652 2117 1762 2150 Goas.

126 2174 219 2207 Mira
240 2173 360 2206 videri
383 2174 536 2215 possent
569 2181 666 2214 quae
689 2172 733 2205 de
756 2172 826 2205 hoc
848 2172 929 2204 viro
952 2172 992 2204 in
1014 2172 1150 2214 priscis
1173 2172 1355 2213 catalogis
1388 2171 1615 2204 invenimus.
1640 2171 1681 2203 In
1706 2180 1765 2203 ca-

127 2228 252 2269 talogo
274 2236 401 2260 eorum
424 2227 490 2269 qui
514 2222 738 2259 Societatem
762 2226 925 2268 ingressi
942 2227 1031 2258 sunt
1054 2226 1195 2258 Eborae
1211 2225 1257 2257 ab
1274 2234 1373 2258 anno
1397 2226 1478 2257 1553
1501 2225 1547 2257 ad
1572 2225 1652 2257 1568
1668 2224 1762 2265 (cod.

126 2281 225 2314 Lus.
248 2280 309 2317 43,
335 2280 359 2313 f.
383 2281 446 2313 332
478 2280 587 2322 sqq.),
615 2279 681 2321 qui
716 2280 815 2312 certe
849 2279 1033 2321 originale
1067 2279 1193 2311 album
1226 2279 1455 2312 novitiorum
1489 2288 1564 2311 non
1601 2279 1669 2314 est,
1694 2277 1764 2309 sub

128 2344 165 2368 n.
182 2335 220 2367 41
245 2334 385 2367 dicitur
407 2334 596 2366 admissus
610 2333 666 2365 =ad
690 2333 848 2375 primam
871 2333 1128 2375 probationem
1145 2333 1205 2365 die
1227 2333 1265 2365 31
1283 2332 1446 2374 Augusti
1472 2332 1563 2364 1560.
1589 2331 1630 2364 In
1654 2331 1762 2363 catal.

128 2389 269 2422 mensis
292 2388 391 2430 Sept.
419 2388 499 2420 1560
521 2388 557 2420 et
581 2387 720 2419 mensis
744 2387 831 2419 Iulii
856 2388 933 2419 1561
969 2387 1074 2428 (ibid.
1098 2386 1135 2419 ff.
1163 2387 1233 2426 117,
1259 2387 1334 2427 141)
1364 2387 1518 2428 ponitur
1540 2386 1639 2417 inter
1661 2384 1766 2417 coad-

129 2443 293 2482 iutores3
319 2442 359 2474 in
393 2441 574 2483 catalogis
598 2450 685 2473 vero
718 2441 858 2473 mensis
892 2440 979 2473 Maii
1016 2441 1107 2477 1562,
1144 2441 1311 2473 Ianuarii
1350 2441 1431 2473 1564
1467 2439 1573 2481 (ibid.
1598 2438 1633 2470 ff.
1659 2439 1763 2471 2005,

129 2495 236 2536 215.v)
259 2497 295 2528 et
318 2495 358 2527 in
381 2495 490 2527 catal.
516 2494 803 2527 conimbricensi
828 2495 968 2526 mensis
991 2494 1154 2536 Augusti
1179 2495 1261 2527 1564
1282 2494 1389 2536 (ibid.
1414 2493 1437 2526 f.
1456 2494 1530 2532 213)
1553 2493 1767 2524 recensetur

129 2550 228 2582 inter
253 2548 461 2590 theologiae
484 2548 688 2580 auditores,
714 2547 876 2580 Litterae
893 2547 1191 2588 Quadrimestres
1214 2548 1354 2580 latinae
1371 2547 1417 2579 ab
1434 2547 1516 2588 ipso
1532 2545 1766 2586 subscriptae

131 2603 206 2636 iam
229 2603 319 2635 sunt
342 2602 402 2634 die
424 2603 444 2634 2
478 2601 578 2643 Sept.
605 2602 686 2633 1560
708 2601 776 2642 (Cf.
802 2601 898 2634 Litt.
928 2601 1135 2641 Quadrim.
1158 2602 1220 2641 VI,
1244 2602 1317 2641 841,
1346 2601 1473 2633 annot.
1498 2600 1543 2639 2).
1569 2599 1670 2639 Quae
1694 2607 1767 2630 om-

131 2657 195 2689 nia
217 2656 397 2698 explicari
420 2664 529 2697 posse
553 2655 740 2694 videntur,
766 2655 798 2687 si
823 2655 997 2696 ponimus
1021 2655 1127 2688 illum
1150 2656 1234 2697 post
1258 2655 1396 2687 artium
1413 2654 1540 2686 studia
1557 2653 1767 2694 ingressum

131 2719 212 2743 esse
235 2710 470 2749 Societatem,
495 2710 531 2741 et
554 2708 722 2741 tirocinii
745 2709 910 2750 tempore
933 2708 1199 2742 humilioribus
1223 2708 1353 2741 officiis
1376 2708 1541 2740 dicatum
1564 2706 1693 2738 fuisse.
