2028 3531
509 298 589 335 564.
617 320 660 325 -
687 299 882 336 MESSANA
911 300 927 335 1
957 300 1213 338 SEPTEMBRIS
1242 303 1330 338 1561
1619 305 1688 341 467

103 415 392 467 predicatore,
441 419 506 456 tre
553 418 797 458 confessori
844 419 1076 471 ordinarij,
1127 432 1185 459 vn
1226 423 1390 460 mastro
1419 421 1463 460 di
1496 423 1672 475 nouitij,
1706 424 1737 464 il

103 481 234 532 quale
263 482 403 521 anche
432 482 558 534 legge
588 483 809 531 l'hebreo,
841 484 926 523 due
958 485 1151 525 maestri.
1202 486 1429 534 Del'altri,
1465 490 1642 538 quattro
1673 489 1738 528 in-

103 558 300 598 segnano
330 547 445 587 nelle
474 548 673 596 schuole,
705 549 867 589 tredeci
897 561 1008 589 sono
1038 550 1249 593 studenti.
1272 550 1417 601 Quelli
1440 552 1520 592 che
1542 555 1735 602 restano,

102 611 238 651 fanno
268 612 299 651 li
329 612 543 664 essercitij
575 613 619 653 di
650 614 896 654 coadiutori
926 616 1177 666 temporali,
1226 616 1298 656 chi
1347 617 1394 656 in
1428 618 1632 669 collegio,
1664 619 1736 658 chi

102 676 219 716 nella
249 677 399 728 vigna.
433 677 622 729 [Cuncta]
654 681 825 720 duobus
853 683 1057 731 exceptis,
1090 681 1203 721 bona
1232 683 1428 721 utuntur
1458 685 1738 732 valetudine,-

101 744 140 782 εἰ
165 745 381 794 progredi
409 746 458 783 in
487 746 704 795 religiosa
728 747 996 796 perfectione
1043 748 1280 786 conantur.
1332 748 1514 788 Scholae
1558 751 1734 799 florent.

106 808 422 858 Confitentium
451 811 491 849 et
528 813 960 851 conmnunicantium
1008 813 1057 851 in
1106 813 1266 863 templo
1314 815 1469 853 nostro
1517 827 1738 855 numerus

102 875 306 924 augetur,
336 876 605 925 praesertim
634 877 684 915 in
713 877 1080 917 sollemnioribus
1109 879 1250 928 festis.
1282 878 1481 918 Fructus
1523 881 1738 931 eoeemplis

101 939 386 991 ostenditur]

180 1004 218 1044 02.
251 1004 349 1044 Vna
378 1017 568 1056 persona
598 1008 641 1047 la
669 1007 801 1059 quale
830 1019 965 1046 erano
995 1008 1150 1048 dodeci
1181 1009 1290 1048 anni
1320 1009 1401 1049 che
1432 1009 1607 1050 haueua
1644 1022 1738 1051 cer-

99 1071 198 1109 cato
228 1082 318 1110 uno
347 1071 428 1110 che
457 1071 488 1111 11
520 1072 663 1112 vccise
691 1080 710 1098 a
741 1072 784 1112 la
814 1072 979 1121 madre,
1012 1085 1089 1124 per
1117 1085 1227 1125 gran
1258 1076 1381 1125 parte
1411 1074 1528 1114 della
1558 1075 1738 1128 Spagna

100 1136 142 1175 et
171 1135 213 1174 d'
229 1135 358 1175 Italia
389 1147 465 1187 per
494 1137 822 1186 uindicarsene,
855 1137 926 1177 nel
956 1138 1062 1189 qual
1110 1140 1258 1190 tempo
1306 1139 1484 1179 haueua
1531 1143 1737 1181 mancato

100 1200 219 1240 dalla
239 1201 554 1242 communione
574 1204 616 1242 et
635 1203 930 1251 confessione,
962 1203 1149 1243 essendo
1173 1203 1191 1229 b
1222 1206 1439 1244 essortato
1460 1205 1516 1245 da
1537 1218 1599 1246 un
1620 1206 1738 1246 della

100 1264 389 1318 Compagnia,
431 1279 521 1307 non
560 1268 805 1310 solamente
853 1268 1050 1319 perdono
1098 1281 1124 1308 a
1170 1270 1336 1321 quello,
1382 1272 1424 1310 et
1466 1270 1676 1311 riceuette
1705 1271 1737 1311 11

99 1331 372 1371 sanctissimi
402 1333 684 1381 sacramenti,
736 1345 806 1373 ma
855 1334 996 1374 anche
1044 1346 1270 1386 promesse
1316 1335 1361 1375 di
1395 1336 1664 1377 confessarsi
1694 1337 1737 1377 al

99 1408 230 1436 meno
259 1397 364 1448 ogni
395 1410 527 1438 mese.
562 1398 673 1450 [Alii
702 1401 876 1439 similes
906 1413 1038 1440 casus
1067 1400 1383 1453 mmmmm-‚J

178 1462 216 1502 3.
250 1461 296 1502 Si
326 1462 478 1505 hanno
509 1464 619 1503 fatto
649 1464 741 1504 fare
769 1465 928 1505 alcune
958 1465 1071 1516 paci,
1103 1466 1189 1505 ben
1236 1466 1317 1506 che
1364 1467 1605 1507 hauessero
1640 1480 1737 1519 pre-

98 1539 223 1567 cesso
254 1528 385 1568 morti
419 1528 609 1569 d’amici
639 1541 665 1569 0
695 1530 883 1581 parenti.
934 1530 1059 1570 Molti
1107 1531 1210 1571 altri
1259 1531 1396 1572 simili
1444 1532 1482 1572 si
1531 1533 1737 1584 potriano

98 1594 292 1641 contare,
325 1593 357 1633 11
387 1594 511 1645 quali
541 1595 626 1634 hen
656 1595 736 1635 che
766 1595 895 1635 siano
920 1596 1157 1647 frequenti,
1180 1608 1265 1648 pur
1284 1609 1375 1637 non
1396 1609 1540 1638 sonno
1561 1598 1606 1638 di
1628 1611 1737 1650 poca

98 1657 389 1709 importanza.
423 1659 538 1699 Altri
569 1671 680 1700 sono
710 1661 791 1701 che
834 1661 985 1701 hanno
1033 1662 1240 1702 reiterato
1287 1663 1328 1703 le
1375 1663 1663 1713 confessioni,
1696 1665 1737 1705 le

97 1724 220 1776 quali
251 1736 328 1776 per
355 1725 506 1765 alcuni
537 1726 835 1766 mancamenti
866 1739 957 1767 non
995 1727 1276 1779 giouauano;
1327 1729 1429 1768 altri
1478 1729 1516 1769 si
1564 1730 1736 1771 confes-

97 1800 232 1829 sorno
261 1790 591 1841 generalmente
620 1791 665 1831 di
695 1794 809 1832 tutta
839 1792 883 1832 16
912 1805 994 1833 6116
1032 1793 1142 1834 uita.
1194 1793 1308 1834 Altri
1339 1795 1528 1834 essendo
1558 1795 1736 1836 infermi

97 1854 235 1895 fanno
264 1855 479 1896 instantia
510 1856 554 1896 di
585 1857 723 1896 morir
769 1858 885 1898 nelle
932 1858 1054 1898 mani
1102 1859 1208 1898 delli
1257 1860 1413 1900 nostri.
1451 1860 1567 1900 Altri
1597 1873 1675 1912 per
1704 1861 1736 1902 il

97 1921 187 1960 bon
216 1921 349 1961 odore
378 1923 420 1961 et
449 1922 539 1962 bon
568 1934 689 1962 esser
717 1923 823 1963 delli
854 1924 996 1964 nostri
1035 1927 1315 1976 promettono
1362 1925 1404 1965 di
1454 1927 1665 1966 emendar
1693 1927 1737 1967 16

97 1985 191 2026 uita
221 1998 317 2027 sua.

175 2052 214 2091 4.
246 2051 345 2092 Νο11
373 2052 564 2093 16661610
594 2065 678 2105 pur
707 2054 752 2094 di
782 2057 1014 2095 raccontar
1043 2068 1105 2095 un
1135 2068 1253 2105 caso,
1286 2056 1318 2096 il
1339 2057 1445 2108 qual
1466 2069 1557 2097 non
1579 2057 1639 2097 mi
1658 2070 1737 2109 par

96 2116 275 2157 douersi
304 2119 448 2158 tacere
477 2130 502 2158 6
532 2119 734 2171 maggior
763 2120 906 2171 gloria
935 2121 980 2160 di
1010 2121 1109 2169 Dio,
1143 2133 1219 2172 per
1247 2134 1376 2173 parer
1404 2122 1534 2174 quasi
1564 2135 1626 2163 un
1656 2123 1736 2163 mi-

96 2182 262 2222 raculo.
296 2183 395 2223 Uno
425 2183 531 2224 delli
561 2185 703 2224 nostri
735 2185 867 2225 Padri
898 2187 1124 2226 trattando
1154 2187 1274 2227 d’un
1304 2188 1483 2239 negotio
1530 2200 1615 2228 con
1649 2189 1735 2229 due

96 2248 393 2299 gentilomini,
425 2249 731 2301 riuolgendosi
780 2251 883 2291 uide
930 2263 992 2291 un
1030 2252 1144 2292 altro
1173 2253 1254 2292 che
1284 2253 1316 2292 11
1346 2255 1477 2293 staua
1505 2265 1732 2305 appresso,

95 2313 164 2353 601
194 2313 300 2364 qual
329 2326 420 2354 non
449 2315 627 2355 haueua
657 2315 805 2356 niente
835 2316 890 2356 da
921 2317 1013 2357 fare
1042 2329 1120 2369 per
1149 2330 1240 2358 non
1269 2319 1548 2367 conoscer103
1572 2321 1613 2359 et
1644 2331 1734 2359 non

96 2389 145 2421 So
175 2390 298 2418 come
327 2379 359 2418 11
389 2379 509 2420 detto
540 2380 682 2421 Padre
710 2392 862 2422 mosso
892 2382 948 2422 da
978 2382 1105 2422 Iddio
1155 2383 1203 2435 (il
1250 2384 1356 2435 qual
1399 2395 1522 2424 come
1555 2396 1614 2424 un
1643 2385 1734 2425 bon

96 2443 231 2495 padre
260 2456 343 2484 usa
371 2445 539 2485 diuersi
570 2446 690 2486 modi
720 2459 744 2486 6
775 2447 900 2487 ridur
928 2447 960 2487 li
990 2448 1089 2488 suoi
1120 2448 1278 2500 figlioli
1311 2461 1336 2489 a
1366 2450 1445 2500 se),
1477 2449 1515 2489 si
1546 2461 1687 2489 messe
1708 2462 1734 2489 a

96 2508 306 2560 ragionar
333 2521 417 2550 con
446 2511 550 2562 quel
579 2513 713 2560 terzo,
745 2514 788 2552 et
816 2513 903 2552 ben
932 2513 1013 2553 6116
1060 2513 1105 2554 (11
1153 2514 1218 2554 1111
1266 2514 1416 2554 niente
1451 2527 1506 2554 ne
1535 2526 1730 2566 sapesse,

95 2586 181 2626 pur
208 2575 483 2616 l'essortaua
512 2589 537 2616 6
566 2578 834 2618 confessarsi
881 2581 924 2619 et
970 2579 1133 2619 lasciar
1180 2580 1222 2619 16
1256 2580 1530 2628 concubina;
1565 2580 1597 2620 il
1626 2580 1733 2632 qual

95 2639 380 2681 l'intendeua
412 2642 651 2691 uoluntier,
683 2645 727 2683 et
754 2643 1004 2684 hauendosi
1037 2645 1214 2696 partito,
1245 2645 1392 2696 doppo
1414 2645 1564 2685 alcuni
1585 2645 1732 2697 giorni

97 2704 258 2745 mando
288 2718 313 2746 a
342 2706 542 2747 chiamar
570 2720 595 2747 a
624 2719 728 2748 6666
757 2720 840 2749 6116
869 2709 989 2750 detto
1019 2710 1175 2758 Padre,
1225 2710 1568 2750 dimostrandoli
1612 2722 1733 2750 esser

95 2769 338 2811 deliberato
368 2779 382 2798 ⁰
404 2772 566 2812 1666161·
599 2773 642 2813 16
671 2774 937 2823 concubina,
978 2777 1021 2815 et
1057 2775 1354 2823 confessarsi;
1388 2777 1430 2816 et
1461 2775 1733 2816 mandando-

96 2835 176 2875 6611
220 2848 283 2876 1111
330 2837 459 2887 aItro,
509 2838 643 2886 disse,
694 2851 785 2879 non
832 2840 985 2892 uoglio
1033 2841 1147 2881 altro
1177 2853 1224 2881 se
1252 2853 1344 2881 non
1383 2841 1533 2892 quello
1563 2841 1595 2881 il
1625 2841 1732 2892 qual

85 3073 91 3078 ,
157 3050 175 3069 a
194 3041 320 3075 Prius
338 3043 470 3077 vcisse.
495 3063 535 3067 —
558 3044 577 3071 b
596 3044 680 3078 Del.
706 3046 862 3078 essendo
884 3046 973 3080 iter.
997 3065 1037 3070 —
1061 3056 1076 3075 c
1095 3047 1258 3080 Emend.
1284 3056 1332 3080 ex
1357 3046 1587 3080 delliberato.
