2028 3531
463 269 543 305 6022.
572 291 616 295 —
642 269 886 306 V1NDOBONA
911 269 957 305 029
984 269 1176 306 IANUARH
1207 268 1297 304 1560}
1579 267 1643 303 751

61 389 257 441 quietam
287 388 480 431 duceret,
513 388 738 440 alteroque
777 388 848 428 die
891 389 986 429 suis
1033 388 1268 439 desiderijs
1298 388 1420 427 fieret
1449 387 1572 426 satis.
1607 386 1693 426 An-

62 454 161 494 nuit
190 453 287 493 eius
317 452 522 503 precibus
553 452 757 493 Christus
791 454 1020 494 Dominus.
1056 454 1135 493 Illa
1167 453 1305 504 igitur
1338 464 1512 492 summo
1548 463 1691 497 mane,

62 519 196 559 citato
226 518 380 570 gradu,
411 517 467 557 ad
497 520 699 558 nostrum
741 520 951 570 templum
983 519 1198 569 confugit.
1232 518 1434 558 Postulat
1478 517 1696 556 instanter

62 583 408 630 confessarium3
442 583 573 622 datus
595 586 660 623 est
690 584 728 623 ei
755 585 1069 624 confessarius.
1105 584 1218 623 Petit
1239 585 1294 623 ab
1315 595 1365 623 eo
1386 583 1574 634 supplex
1594 594 1695 622 con-

62 649 215 689 silium
245 648 442 700 aliquod,
474 660 563 700 quo
593 660 645 687 ex
676 651 739 688 tot
770 650 1150 700 perturbationum
1188 649 1398 689 fluctibus
1438 649 1586 699 posset
1615 647 1694 686 ali-

62 714 242 766 quando
271 725 507 765 emergere.
532 714 662 753 Dedit
692 714 766 753 ille
796 715 1052 757 consilium.
1084 715 1201 766 quod
1232 714 1472 754 admodum
1503 712 1692 764 placuit:

61 779 268 820 discessit
297 779 398 827 leta,
431 781 472 819 et
516 791 636 819 nunc
666 779 809 830 pergit
839 780 1085 819 feruentius
1128 779 1358 819 contiones
1388 781 1520 830 atque
1563 778 1697 818 eccle-

62 845 154 885 siae
183 846 461 885 sacramenta
482 844 775 896 frequentare.
800 845 900 884 Alia
922 845 1138 896 quaedam
1162 845 1347 884 honesta
1380 844 1559 892 femina,
1582 856 1696 895 quae

63 924 87 951 a
116 911 170 952 30
197 910 330 951 annis
358 910 563 950 confessa
584 922 673 949 non
707 911 862 955 suerat.
886 923 985 950 cum
1008 910 1148 950 nobili
1171 912 1238 959 (ut
1258 910 1475 961 suspicor)
1504 921 1694 957 rumore,

61 976 138 1029 qui
169 976 300 1027 longe
330 976 506 1026 lateque
536 975 588 1015 de
619 975 674 1015 M.
707 974 921 1026 Gregorio
952 978 964 999 1
996 976 1306 1015 concionatore
1328 977 1482 1014 nostro
1511 974 1696 1014 circum-

63 1042 216 1090 fertur,
247 1041 395 1088 dueta,
427 1040 524 1080 eius
553 1040 791 1080 conciones
821 1041 1042 1083 audisset:
1076 1043 1198 1079 tanta
1229 1040 1371 1091 ipsam
1402 1040 1455 1080 de
1498 1040 1593 1080 suis
1623 1040 1698 1079 fla-

63 1107 186 1160 gitijs
218 1106 459 1158 poenitudo
489 1105 673 1154 inuasit,
700 1108 747 1146 ut
778 1118 865 1145 non
900 1107 1039 1146 multo
1071 1108 1170 1157 post
1199 1106 1254 1145 ad
1285 1106 1583 1157 poenitentiae
1613 1106 1698 1145 asi-

62 1173 156 1213 lum
186 1180 220 1221 a,
251 1184 331 1212 ceu
362 1171 418 1212 ad
448 1183 619 1212 sacram
651 1172 907 1215 anchoram.
941 1172 994 1210 ad
1027 1183 1109 1211 nos
1138 1172 1267 1223 quasi
1299 1171 1565 1211 miraculose
1594 1183 1697 1211 con-

63 1239 248 1290 fugeret.
281 1237 435 1289 Aliqui
465 1249 642 1289 quoque
672 1237 887 1289 germani,
920 1237 997 1288 qui
1028 1237 1171 1276 tribus
1200 1239 1276 1276 aut
1305 1237 1331 1276 4
1359 1237 1492 1276 annis
1526 1237 1697 1288 grauis-

63 1303 178 1344 sima
206 1303 396 1355 quedam
426 1305 605 1354 peccata
634 1314 741 1342 suos
783 1302 1067 1342 caelauerant
1114 1302 1426 1350 confessarios,
1458 1301 1596 1341 animi
1628 1302 1697 1342 sui

63 1369 235 1409 saniem
256 1380 439 1421 syncere
459 1380 509 1408 ac
525 1368 710 1420 integre,
735 1367 888 1407 recisis
909 1379 1093 1408 suorum
1116 1370 1394 1418 peccatorum
1416 1367 1696 1414 uulneribus,

63 1434 303 1475 salubriter
330 1434 387 1474 ad
416 1436 671 1474 nostrorum
701 1433 1075 1473 confessariorum
1111 1433 1244 1484 pedes
1278 1433 1544 1472 effuderunt.
1578 1433 1699 1472 Idem

64 1500 381 1552 praestiterunt
423 1511 565 1551 nuper
592 1500 617 1539 3
647 1499 762 1539 aliae
806 1501 1048 1543 matronae.
1081 1510 1267 1550 quarum
1314 1510 1403 1537 una
1446 1510 1472 1537 a
1505 1498 1697 1547 duobus,

63 1566 204 1606 altera
232 1577 257 1605 a
286 1567 469 1617 septem,
501 1565 641 1605 altera
669 1565 722 1604 20
751 1564 883 1604 annis
918 1576 1148 1615 nunquam
1194 1563 1490 1604 confessionis
1520 1563 1699 1603 lauacro

64 1643 172 1672 usae
201 1631 390 1672 fuerant.
423 1631 626 1670 Pretereo
656 1630 729 1670 hic
759 1632 1012 1669 nostrorum
1036 1641 1213 1681 quoque
1234 1641 1366 1680 opera
1396 1641 1487 1668 non
1518 1640 1697 1680 paucos,

65 1696 280 1748 depositis
309 1696 426 1748 odijs
456 1696 558 1748 plus
588 1708 720 1748 quam
754 1695 1015 1742 uatinianis,
1049 1695 1094 1734 in
1126 1695 1314 1746 gratiam
1358 1706 1458 1734 cum
1493 1694 1701 1734 aduersa-

66 1762 146 1814 rijS
176 1761 375 1814 redijsse.
408 1761 550 1802 Taceo
595 1761 759 1801 multos
807 1773 903 1800 esse
949 1761 1180 1811 utriusque
1209 1771 1342 1799 sexus
1371 1759 1591 1807 homines,
1623 1759 1699 1810 qui

65 1827 229 1868 obnixe
257 1839 282 1867 a
311 1828 408 1868 suis
437 1826 724 1878 confessarijs
768 1826 993 1878 postulant
1027 1826 1203 1865 crebras
1246 1824 1484 1872 orationes,
1520 1826 1566 1864 ut
1595 1829 1701 1864 suos

65 1893 231 1934 liberos
265 1893 311 1933 in
355 1893 572 1934 Societate
603 1892 706 1932 IHV
739 1892 888 1932 uidere
918 1891 1161 1942 aliquando
1194 1890 1380 1941 possint.
1412 1889 1562 1941 Nuper
1590 1892 1657 1929 est
1683 1888 1701 1914 ¹>

65 1960 284 2008 curatum,
317 1960 366 1998 ut
395 1957 684 2009 impediretur
725 1957 907 2008 quidam
953 1955 1198 2006 bibliopola
1226 1967 1251 1994 a
1282 1955 1540 1994 uenditione
1569 1954 1702 1994 libro-

66 2036 165 2064 rum
186 2023 525 2071 haereticorum,
549 2035 739 2074 quorum
761 2021 1096 2074 pulchritudine
1120 2021 1334 2060 inusitato
1355 2020 1546 2071 quodam
1570 2019 1702 2059 modo

66 2090 283 2129 iuuenum
312 2089 488 2129 animos
517 2089 573 2128 ad
602 2100 649 2128 se
680 2088 893 2139 rapiebat.
920 2087 1096 2139 [Preces
1112 2085 1348 2137 postulat]
1367 2086 1565 2125 Viennae
1587 2086 1701 2125 Aus-

67 2155 178 2194 triae
205 2155 232 2194 4
273 2154 454 2195 Calend.
488 2153 734 2204 Februarij,
767 2166 886 2193 anno
930 2153 1047 2192 1562.
1081 2152 1143 2191 Ex
1181 2151 1495 2191 commissione
1526 2152 1573 2192 P.
1597 2152 1702 2191 Rec-

68 2219 178 2259 toris
205 2220 236 2260 ².

175 2285 227 2326 R.
261 2286 309 2326 P.
342 2285 391 2326 T.
425 2285 639 2337 indignus
669 2285 717 2324 in
748 2285 861 2336 Xpo.
895 2284 1016 2323 filius

846 2398 1079 2437 HENRICUS
1112 2397 1318 2436 RICKMAN
1352 2396 1593 2436 leodiensis
1622 2397 1649 2436 3.

176 2514 283 2554 Alia
312 2527 481 2554 manu.-
510 2511 867 2563 Quadrimestres
896 2511 1187 2551 Viennenses.
1212 2510 1265 2549 Di
1286 2510 1338 2549 ‘29
1362 2509 1564 2550 Gennaio
1586 2510 1702 2551 1562.

132 2718 152 2737 a
171 2709 255 2742 Del.
280 2718 359 2743 seu.
384 2728 424 2732 —
448 2709 467 2736 b
487 2709 613 2751 Nuper
650 2710 707 2742 est
733 2718 861 2751 supra
884 2718 1010 2745 rers.,·
1032 2707 1155 2749 prins
1181 2706 1338 2738 videtur
1363 2706 1559 2747 scriptum
1582 2705 1634 2738 Ne
1656 2706 1706 2738 lo-

71 2772 166 2805 quar
187 2762 350 2805 quidem.

135 2962 143 2978 ¹
169 2959 207 2993 P.
233 2960 435 3002 Gregorius
458 2960 674 2995 Rosseffius.
698 2960 792 2993 Vide
815 2969 850 3001 p.
875 2960 947 2992 Q&

135 3015 147 3033 ²³
170 3013 208 3046 P.
232 3013 372 3046 Paulus
396 3014 584 3047 Hoffaeus.

135 3068 148 3086 ³
168 3066 262 3100 Vide
285 3077 320 3110 p.
344 3068 417 3101 289.
