2028 3531
489 270 569 306 609.
598 288 640 294 —
670 270 943 307 INGOLSTADIO
969 270 991 306 3
1018 270 1211 306 IANUARII
1244 270 1332 306 1562
1627 269 1697 305 693

112 386 425 427 humilitatem.
451 387 581 427 Hunc
612 388 748 438 igitur
778 401 954 429 murum
985 389 1265 429 euehendum
1288 389 1446 428 Rector
1466 388 1657 433 curauit,
1690 387 1747 427 si-

113 451 293 503 mulque
334 452 482 492 locum
511 453 747 494 seruandis
777 454 929 506 lignis,
961 457 1003 494 et
1034 454 1328 494 vindicandae
1369 453 1583 492 honestae
1614 452 1744 492 liber-

114 516 192 556 tati
221 519 376 568 aptum
405 517 611 558 reddidit.

190 582 229 622 4.
261 581 472 634 Superest
500 582 554 622 de
583 584 746 623 studiis
768 584 934 624 nostris
964 587 1150 624 tractare
1171 592 1204 631 a,
1228 596 1341 636 quae
1371 583 1609 634 diligenter
1637 584 1749 623 trac-

112 649 289 695 tantur;
322 649 365 687 et
405 648 462 688 ad
484 648 726 697 'Ecclesiae
769 650 1054 690 commodum
1085 651 1351 690 referuntur.
1390 649 1440 688 D.
1479 648 1583 688 Pisa
1613 650 1626 672 1
1659 659 1748 687 non

111 712 208 752 sine
240 712 369 753 laude
398 713 647 764 disputauit
677 715 868 765 publice,
901 727 950 754 ac
981 715 1156 766 egregie
1199 714 1397 754 defendit
1426 713 1627 753 ordinem
1658 713 1750 753 hie-

112 777 361 818 rarchicum
404 778 452 818 in
482 778 692 825 Ecclesia,
724 781 767 818 et
796 792 973 820 sacrum
1020 781 1185 820 missae
1229 779 1512 820 sacrificium.
1550 779 1605 819 M.
1639 778 1749 818 Her-

114 854 206 882 mes
234 844 264 891 2,
296 845 338 883 et
367 843 422 883 M.
470 844 691 884 Henricus
721 846 735 868 ³
766 845 837 884 his
883 845 1115 885 mensibus
1145 845 1280 886 creati
1315 844 1568 896 theologiae
1598 845 1751 884 bacca-

112 908 268 956 laurei‚
299 910 342 948 et
388 911 561 960 praeter
604 909 686 949 hos
718 910 771 949 M.
805 910 1079 950 Guilielmus
1123 911 1306 958 flander,
1353 922 1496 961 nuper
1537 922 1591 949 ex
1634 910 1751 949 Vrbe

112 973 278 1014 missus
307 976 336 1014 ⁴¹.
360 974 553 1026 Vterque
583 975 820 1027 theologus
852 976 902 1016 D.
928 976 1246 1020 Cuuillionius,
1270 978 1312 1016 et
1332 976 1383 1015 D.
1409 975 1513 1015 Pisa
1543 975 1750 1025 frequen-

112 1039 247 1079 tiores
276 1052 410 1092 quam
455 1041 558 1079 ante
589 1052 785 1092 vnquam
830 1042 995 1081 habent
1039 1041 1282 1089 auditores,
1314 1043 1355 1080 et
1399 1041 1454 1081 ad
1497 1052 1623 1080 sacra
1654 1052 1751 1092 pro-

111 1116 274 1156 pensos
303 1105 564 1156 discipulos,
589 1108 633 1145 vt
663 1106 751 1145 iam
782 1106 1032 1158 theologica
1054 1107 1207 1146 schola
1236 1118 1336 1147 cum
1364 1106 1557 1158 juridica
1584 1107 1751 1146 certare

113 1169 327 1210 videatur.
359 1169 551 1210 Tantum
583 1170 749 1210 nostris
779 1171 1001 1222 theologis
1031 1171 1163 1211 etiam
1194 1171 1310 1211 docti
1342 1171 1561 1218 tribuunt,
1595 1172 1640 1210 vt
1668 1182 1750 1210 sua

111 1234 290 1286 scripta,
322 1247 436 1287 quae
480 1236 591 1275 forte
620 1235 666 1275 in
714 1236 941 1287 publicum
985 1239 1092 1276 sunt
1136 1237 1342 1285 aedituri,
1375 1236 1467 1276 illis
1510 1235 1750 1276 iudicanda

113 1300 384 1351 permittant.
417 1300 605 1352 Scripsit
634 1302 690 1341 ad
721 1304 899 1341 nostros
942 1302 1075 1341 etiam
1109 1303 1249 1342 [11.ΙΙΠΙΞ
1281 1302 1499 1342 Bauariae
1543 1301 1750 1352 princeps

114 1366 295 1406 Patrum
339 1369 593 1407 nostrorum
624 1367 889 1407 sententiam
926 1368 979 1408 de
1010 1368 1316 1408 vniuersitatis
1337 1367 1650 1408 reformatione
1679 1378 1751 1406 ex—

112 1434 280 1483 petens.
313 1432 548 1472 Professus
577 1434 644 1472 est
673 1433 891 1472 hactenus
935 1433 1125 1484 logicam
1157 1433 1203 1473 in
1236 1433 1453 1485 frequenti
1484 1432 1594 1472 satis
1624 1432 1749 1472 audi-

112 1497 226 1538 torio
256 1498 311 1538 M.
346 1497 545 1545 Hermes,
568 1500 611 1537 et
641 1498 896 1538 Aristotelis
926 1498 1159 1538 lectionem
1208 1499 1296 1538 iam
1327 1499 1405 1538 diu
1449 1497 1750 1537 intermissam

112 1563 159 1602 in
188 1563 388 1602 scholam
419 1563 662 1604 reuocauit.
695 1563 823 1603 Nunc
853 1576 955 1603 vero
986 1564 1102 1603 idem
1133 1563 1434 1615 Oenipontum
1464 1575 1490 1603 a
1521 1564 1617 1603 Pre.
1651 1563 1751 1602 Pro-

112 1628 296 1668 uinciali
327 1628 492 1668 missus
521 1629 741 1680 singulari
772 1641 873 1669 cum
903 1629 1045 1680 gratia
1085 1629 1389 1669 concionatur.
1433 1628 1505 1669 Sic
1533 1628 1653 1668 enim
1697 1629 1750 1668 de

111 1694 190 1734 illo
219 1694 376 1734 scribit
405 1707 521 1734 vnus
552 1695 620 1734 vel
667 1695 932 1746 praecipuus
975 1695 1068 1735 illic
1098 1695 1300 1736 Caesaris
1334 1694 1621 1735 consiliarius
1649 1696 1664 1718 ⁵
1695 1694 1750 1734 ad

112 1759 162 1800 D.
181 1759 411 1800 Canisium
431 1773 439 1800 :
464 1760 623 1800 Misisti
647 1761 703 1800 ad
723 1772 807 1800 nos
824 1761 879 1800 M.
906 1761 1155 1800 Hermetem
1177 1761 1322 1800 virum
1344 1760 1747 1811 exoptatissimum,

111 1837 244 1876 quem
275 1837 364 1865 non
386 1826 531 1865 solum
556 1838 633 1877 pro
662 1826 891 1875 concione,
914 1826 1011 1866 siue
1032 1838 1194 1866 corona
1216 1826 1413 1877 grauiter
1441 1825 1748 1874 disserentem,

111 1890 188 1930 sed
216 1891 350 1930 etiam
380 1891 592 1942 priuatim
635 1903 766 1943 saepe
795 1904 846 1931 ao
877 1892 1067 1931 multum
1111 1892 1288 1935 audiui,
1320 1893 1363 1931 et
1400 1891 1530 1943 quasi
1562 1891 1750 1931 Phidiae

111 1956 290 2008 signum
325 1956 514 1997 simulac
543 1959 788 2008 aspectum.
827 1959 1061 2009 probatum
1091 1958 1174 1997 fuit
1205 1959 1234 1997 ⁶.
1255 1958 1331 1997 Est
1352 1969 1459 1997 sane
1489 1957 1620 1997 laude
1655 1959 1748 2006 tua,

111 2022 321 2073 quamuis
350 2035 375 2062 a
405 2023 724 2063 laudatissimo
756 2026 850 2063 viro
882 2024 1200 2075 proficiscatur,
1234 2024 1322 2063 fere
1362 2023 1518 2071 maior,
1551 2022 1752 2074 philoso—

173 2208 192 2228 a
212 2201 374 2234 tractare
395 2201 505 2234 linea
527 2202 725 2234 subducta
750 2204 939 2237 notatum,
954 2204 988 2235 et
1014 2202 1060 2234 in
1084 2212 1210 2243 margJ.
1234 2202 1431 2243 seriptum
1453 2210 1749 2234 commemorare.

175 2351 185 2368 ¹
210 2349 386 2382 Alfonsus
411 2350 497 2382 Pisa
526 2350 637 2391 (alias
667 2350 855 2391 Pisanus).
881 2351 932 2384 Cf.
959 2351 1253 2383 SomfflnvooEL:
1280 2350 1621 2391 Biblq'oyraphie...
1650 2349 1748 2390 (sub.

112 2413 145 2436 v,
170 2403 279 2445 Alph.
305 2404 502 2445 Pisanus):
530 2405 705 2438 Rivmnn:
731 2406 984 2447 Supplemem
1007 2415 1061 2437 ctu
1090 2419 1104 2434 «
1130 2406 1179 2437 De
1205 2405 1344 2437 Backer
1366 2423 1406 2427 --
1430 2404 1702 2445 Sommervogel
1719 2416 1749 2444 »‚

113 2467 149 2490 n.
173 2458 277 2496 20003
302 2457 427 2499 Epist.
453 2458 496 2491 P.
522 2458 672 2498 Nadal,
698 2459 741 2491 ΙΙ.
768 2459 918 2492 531-539.

175 2512 188 2530 ²
210 2510 368 2544 Videtur
404 2511 565 2544 indicari
603 2512 755 2545 Hermes
793 2512 1048 2545 Semieolanus
1086 2512 1342 2554 (Halhpauer)‚
1367 2512 1411 2544 de
1439 2520 1512 2553 quo
1535 2511 1620 2544 vide
1653 2511 1749 2544 Lict.

117 2563 323 2604 Quadrim.
350 2564 409 2604 VI,
430 2566 502 2598 782.

176 2619 188 2637 ³
211 2617 396 2650 Henricus
420 2618 618 2652 Arboreus.

176 2672 188 2690 ⁴
211 2671 369 2704 Videtur
391 2673 452 2714 agi
477 2673 521 2705 de
543 2673 705 2714 quodam
740 2673 887 2715 collegii
912 2674 1116 2715 germanici
1148 2674 1310 2709 alumno,
1337 2673 1463 2713 potius
1486 2682 1597 2714 quam
1622 2673 1666 2705 de
1689 2672 1752 2706 So-

112 2725 262 2757 cietatis
285 2725 369 2758 Iesu
403 2726 515 2759 socio.
541 2726 593 2759 Cf.
620 2727 937 2759 BRAUNSBERGER:
974 2727 1018 2760 B.
1044 2727 1087 2760 P.
1118 2727 1276 2759 Canisii
1300 2727 1423 2767 Epist.
1460 2726 1521 2762 ΙΙΙ,
1546 2727 1619 2759 232.
1645 2726 1751 2759 Certe

113 2778 152 2810 in
174 2778 344 2820 catalogo
366 2788 518 2812 romano
552 2780 622 2812 suh
646 2780 756 2813 finem
780 2781 920 2813 mensis
944 2781 1033 2813 maii
1058 2781 1147 2813 anni
1186 2782 1261 2812 1561
1287 2781 1426 2821 scripto
1450 2780 1576 2812 nullus
1599 2781 1656 2812 est
1679 2779 1751 2813 Gu-

112 2832 260 2865 lielmus
296 2832 449 2866 flander.
489 2833 541 2866 Cf.
567 2834 862 2867 SommRvooEL:
901 2835 979 2867 Les
1015 2834 1187 2867 Je'sustes
1224 2834 1269 2867 de
1307 2834 1424 2866 Rome
1460 2836 1495 2866 et
1524 2834 1672 2868 Vienne
1702 2844 1751 2868 en

112 2884 158 2918 M.
184 2885 225 2918 D.
251 2885 341 2918 LXI.

174 2940 187 2958 ⁶
208 2938 366 2972 Videtur
388 2939 450 2972 hic
472 2939 590 2973 fuisse
612 2939 859 2974 Sebastianus
883 2941 967 2974 Zott
990 2941 1035 2974 de
1058 2942 1236 2983 Pernegg.
1261 2941 1313 2974 Cf.
1339 2942 1648 2979 BRAUNSBERGER,
1668 2942 1691 2974 l.
1717 2951 1747 2975 c.

111 2991 184 3031 339,
208 2991 274 3033 qui
298 2991 395 3024 hane
419 2993 642 3033 particulam
667 2993 797 3026 edidit.

175 3046 188 3064 ⁶
210 3044 285 3078 Clo.
309 3044 474 3083 Brutus,
500 3054 530 3079 c.
555 3046 606 3079 64.
