2028 3531
328 280 398 315 336
800 280 1003 317 er'rrmAr:
1038 280 1381 324 qunnmssswnms

360 398 398 437 ⁰2.
432 397 560 437 Alius
584 410 759 449 quoque
788 410 838 437 ex
869 398 1059 449 equestri
1090 397 1243 436 ordine
1273 406 1409 445 agens
1439 394 1483 432 in
1513 394 1676 444 oppido
1705 394 1897 445 quodam

280 462 417 511 huius
447 462 569 512 regni
613 474 710 501 cum
756 474 916 513 genero
945 462 1135 513 quodam
1167 472 1262 506 suo,
1295 459 1471 498 duobus
1499 457 1697 508 ejusdem
1727 458 1898 497 ordinis

282 526 390 565 viris
434 526 547 565 bella
591 527 765 571 indixit,
797 527 913 577 quod
957 526 1227 565 existimaret
1264 534 1415 562 eorum
1451 534 1583 562 causa
1614 522 1705 561 filio
1736 522 1899 561 vulnus

281 590 497 630 inflictum
529 592 685 630 fuisse:
718 603 905 642 cumque
936 591 1094 630 melius
1124 591 1209 629 iam
1241 600 1287 627 se
1318 588 1477 627 habere
1518 587 1733 637 coepisset
1762 586 1897 634 filius,

282 655 410 695 facile
441 658 562 706 pater
589 656 866 707 amplexatus
908 659 973 695 est
1017 667 1180 706 pacem,
1214 654 1277 692 ira
1319 652 1541 702 ‹leposita;
1573 654 1617 690 at
1660 663 1765 691 uero
1798 662 1899 691 cum

282 719 460 759 iuuenis
492 723 640 770 postea
671 721 798 760 morti
829 723 943 759 esset
966 720 1206 771 proximus,
1238 721 1279 756 et
1311 719 1432 767 pater
1452 716 1549 766 ejus
1579 715 1743 766 ingenij
1768 717 1897 762 esset,

282 786 326 823 vt
348 784 448 824 inde
481 786 669 824 maxima
694 785 970 825 incommoda
992 785 1264 825 timerentur,
1300 792 1474 832 praeses
1498 780 1620 831 regni
1642 792 1741 820 cum
1773 780 1900 819 Patre

284 851 435 887 nostro
467 849 647 889 Rectore
689 850 792 901 egit,
829 852 870 888 vt
899 849 1032 888 simul
1075 860 1173 887 cum
1218 847 1307 886 alio
1351 845 1490 884 nobili
1535 845 1620 884 sibi
1663 844 1900 895 conjuncto

283 914 516 963 sanguine,
539 914 593 953 ad
624 914 769 954 locum
802 915 875 954 ubi
900 914 936 953 is
958 914 1089 953 homo
1109 915 1215 959 erat,
1240 910 1642 962 proficiscerentur;
1674 921 1725 949 eo
1755 910 1900 948 autem

284 978 606 1028 pervenientes,
638 979 836 1019 efficiunt
866 979 1087 1018 hominem
1110 977 1204 1017 suis
1226 975 1406 1015 monitis
1426 974 1770 1025 quietissimum,
1792 973 1901 1013 adeo

286 1044 329 1081 vt
361 1043 609 1092 promiserit
640 1044 758 1083 Patri
789 1056 835 1083 se
865 1055 951 1083 non
976 1044 1211 1094 plusquam
1243 1042 1287 1080 in
1318 1040 1433 1079 diem
1455 1042 1708 1090 sequentem
1734 1038 1902 1078 confes-

285 1107 454 1146 sionem
486 1108 743 1155 dilaturum,
777 1109 889 1148 vnde
920 1110 1081 1147 factum
1108 1110 1173 1146 est
1196 1109 1253 1151 vt,
1279 1108 1451 1144 mortuo
1473 1104 1580 1150 filio,
1602 1104 1751 1143 omnia
1781 1103 1902 1154 pacis

285 1183 335 1210 ac
363 1173 623 1213 concordiae
653 1174 781 1224 plena
812 1174 987 1213 fuerint.
1013 1173 1106 1212 Hoc
1125 1172 1255 1211 etiam
1279 1170 1442 1221 negotij
1467 1169 1620 1209 multis
1639 1168 1788 1208 arrisit
1808 1168 1903 1219 plu-

286 1236 467 1286 rimum;
498 1240 539 1276 et
568 1238 760 1277 officium
794 1238 1037 1289 praefatum
1081 1237 1126 1275 in
1169 1248 1243 1275 eos
1286 1235 1496 1275 collatum
1540 1236 1620 1280 est,
1653 1233 1730 1284 qui
1773 1232 1902 1272 nobis

286 1312 447 1352 magno
476 1302 634 1342 affectu
666 1303 862 1349 haerent,
893 1303 1057 1353 quique
1091 1300 1308 1353 ejusmodi
1339 1301 1458 1346 sunt,
1493 1300 1536 1337 vt
1564 1298 1693 1349 culpa
1723 1309 1798 1337 eos
1829 1309 1903 1336 va-

285 1377 383 1405 care
414 1368 568 1406 merito
598 1368 833 1407 credantur
863 1367 971 1419 [sici.

365 1432 403 1470 3.
437 1432 561 1471 Multi
593 1433 772 1471 fuerunt
799 1434 841 1471 et
869 1432 962 1480 alij,
985 1431 1060 1482 qui
1084 1433 1331 1470 nostrorum
1355 1429 1503 1468 studio
1521 1428 1565 1467 in
1587 1428 1819 1478 pristinam
1841 1438 1904 1466 re-

286 1495 405 1534 diere
434 1496 696 1544 amiciciam,
729 1497 842 1535 inter
870 1509 981 1547 quos
1002 1496 1181 1546 quidam
1203 1494 1368 1534 nobilis
1391 1493 1487 1539 fuit,
1510 1493 1586 1544 qui
1608 1504 1697 1532 non
1718 1492 1904 1531 latenter

287 1561 597 1611 gubernatoris
626 1561 749 1612 regni
780 1561 1009 1600 inimicum
1040 1561 1220 1611 agebat;
1253 1560 1306 1605 is,
1338 1570 1436 1598 cum
1467 1558 1657 1597 aliorum
1696 1568 1832 1596 suasu
1862 1558 1904 1595 et

288 1625 432 1664 Patris
461 1626 693 1677 cujiisdam
723 1638 775 1665 ex
806 1626 969 1665 nostris
1000 1625 1241 1676 praesidem
1275 1625 1419 1675 ipsum
1442 1623 1580 1662 amice
1610 1622 1767 1662 fuisset
1795 1622 1902 1660 allo-

287 1692 430 1737 cutuS,
462 1690 655 1730 firmauit
699 1693 849 1741 postea
879 1702 924 1729 se
954 1690 1132 1729 nonnisi
1163 1702 1187 1728 a
1218 1690 1345 1728 Patre
1389 1689 1526 1727 fuisse
1570 1698 1828 1738 persuasum
1862 1688 1905 1725 vt

288 1754 332 1793 id
363 1755 539 1794 tandem
569 1755 665 1806 ejus
694 1767 826 1795 causa
852 1757 1021 1794 tantum
1054 1755 1289 1805 perficeret.
1314 1753 1463 1804 Neque
1484 1755 1631 1791 tamen
1651 1751 1904 1791 existiman-

288 1819 393 1858 dum
423 1822 486 1859 est
520 1820 797 1870 potissimum
826 1819 983 1867 Patris,
1007 1820 1081 1858 sed
1104 1818 1181 1858 Dei
1203 1830 1351 1858 amore
1382 1818 1423 1857 id
1451 1817 1662 1857 effecisse.
1686 1815 1905 1855 Laudauit

289 1883 363 1922 ille
394 1884 635 1934 plurimum
676 1885 849 1923 modum
895 1896 982 1935 quo
1025 1896 1171 1922 secum
1202 1885 1350 1933 egerat
1392 1882 1536 1921 dictus
1581 1881 1731 1928 Pater,
1764 1892 1905 1931 neque

288 1949 404 1987 enim
430 1949 631 2000 pluribus
652 1949 865 1988 adhibitis
894 1949 1155 1994 calcaribus,
1179 1948 1253 1987 sed
1275 1947 1462 1986 suauius
1482 1958 1618 1997 agens
1635 1945 1677 1984 id
1695 1944 1901 1984 obtinuit.

289 2013 354 2053 Sit
386 2014 475 2053 Deo
504 2014 658 2063 gloria.
684 2014 865 2053 quenis
882 2013 1058 2064 quidam
1084 2013 1260 2051 intimae
1280 2011 1551 2051 conditionis
1580 2010 1903 2050 clandestinum

290 2079 620 2119 matrimonium
651 2081 692 2119 et
721 2079 938 2118 contraxit
968 2081 1010 2117 et
1038 2078 1365 2117 consummauit
1394 2089 1493 2116 cum
1526 2076 1672 2128 puelia
1714 2075 1903 2126 quadam

289 2155 446 2195 genere
490 2144 782 2187 nobilissima,
816 2155 971 2194 resque
1000 2155 1050 2182 eo
1079 2143 1266 2181 deducta
1294 2144 1374 2189 est,
1412 2144 1457 2181 vt
1485 2141 1521 2180 si
1554 2141 1599 2180 in
1642 2139 1906 2190 consangui-

291 2221 473 2248 neorum
508 2209 677 2259 puellae
706 2220 835 2247 aures
864 2208 1152 2258 peruenisset,
1189 2209 1303 2246 certe
1334 2206 1576 2257 periculum
1607 2207 1713 2246 erat.
1737 2207 1781 2243 vt
1812 2204 1906 2255 ipsa

290 2285 388 2313 cum
415 2274 582 2323 juuene
614 2274 726 2313 vitae
746 2273 983 2312 discrimen
1005 2272 1269 2311 subiissent:
1293 2272 1467 2311 curauit
1487 2271 1664 2322 quidun]
1698 2270 1827 2308 Pater
1854 2281 1906 2308 ex

292 2339 471 2383 nostris,
506 2340 563 2382 vt,
595 2337 795 2388 deposita
827 2349 960 2388 praua
991 2337 1311 2376 consuetudine
1340 2347 1453 2387 quae
1483 2336 1570 2374 iam
1602 2334 1754 2374 multis
1783 2345 1906 2384 prae-

290 2403 422 2442 bebat
441 2402 773 2446 offendiculum,
798 2403 977 2452 vterque
999 2401 1255 2451 religionem
1278 2401 1594 2451 ingrederetur,
1618 2399 1735 2449 quod
1760 2398 1907 2449 vtique

291 2468 450 2507 salutis
478 2479 629 2506 eorum
662 2467 837 2505 vnicum
867 2469 959 2505 erat
991 2466 1196 2509 medium,
1229 2468 1360 2516 atque
1404 2466 1447 2504 id
1491 2477 1541 2503 ex
1573 2464 1702 2503 corde
1735 2475 1781 2503 se
1811 2475 1907 2514 pro-

294 2533 509 2571 miserunt
538 2533 753 2580 facturos;
785 2533 827 2570 et
868 2543 936 2570 res
969 2543 992 2569 a
1028 2531 1216 2569 Domino
1259 2530 1457 2569 foelicem
1502 2530 1585 2568 hac
1627 2529 1699 2568 via
1741 2528 1905 2568 exitum

292 2597 446 2636 sortita
476 2599 555 2641 est,
588 2596 826 2646 multisque
856 2595 1192 2634 imminentibus
1221 2595 1448 2634 obuiatum
1481 2596 1546 2633 est
1576 2593 1719 2632 malis.

370 2661 407 2700 4.
440 2661 591 2699 Patres
621 2660 895 2710 frequentius
923 2671 1054 2709 quam
1086 2661 1213 2698 antea
1244 2659 1299 2698 ad
1328 2661 1531 2709 aegrotos
1555 2660 1597 2697 et
1626 2658 1671 2696 in
1701 2656 1909 2696 extremis

293 2728 472 2775 agentes
504 2725 649 2765 uocari
681 2725 838 2764 solent.
864 2724 1065 2763 Proxime
1086 2724 1249 2774 elapsis
1270 2724 1427 2763 diebus
1449 2724 1516 2763 Pr.
1540 2723 1698 2762 Rector
1727 2723 1908 2760 vocatus

293 2790 435 2828 adfuit
463 2801 560 2828 cum
592 2790 730 2828 altero
761 2789 888 2827 Patre
919 2788 1047 2827 morti
1077 2788 1307 2837 cujusdam
1329 2787 1518 2835 comitis,
1542 2787 1671 2837 cujus
1691 2784 1908 2825 habitatio

293 2855 349 2893 ab
379 2854 460 2893 hac
493 2855 594 2893 vrbe
624 2865 713 2892 non
743 2853 914 2892 modico
944 2852 1088 2902 spatio
1130 2852 1336 2899 distabat,
1368 2864 1456 2903 quo
1486 2852 1600 2891 facto
1634 2853 1676 2890 et
1713 2849 1907 2889 defuncti

294 2931 402 2958 vxor
431 2921 472 2958 et
514 2929 755 2964 successor,
806 2919 851 2956 vt
896 2917 974 2956 illo
1016 2916 1209 2955 deuincti
1253 2917 1412 2966 officio,
1461 2915 1774 2967 gratitudinem
1819 2926 1908 2953 non

298 2984 522 3034 vulgarem
551 2982 862 3024 exhibuerunt.

373 3049 412 3089 ἴ).
450 3047 695 3087 Dominicis
720 3058 769 3086 ac
800 3045 971 3085 festiuis
1001 3045 1158 3085 diebus
1187 3045 1387 3084 doctrina
1416 3045 1659 3085 christiana
1690 3044 1752 3095 (vt
1780 3043 1906 3093 solet)
