2028 3531
516 296 597 332 586.
626 318 665 322 —
695 296 877 333 COLONIA
904 296 926 331 4
952 295 1156 332 Oc'rOBms
1185 296 1270 332 1561
1585 295 1654 331 583

173 417 392 456 archidux
422 416 889 455 benevolentissimum
932 428 1025 454 sese
1054 416 1127 454 illi
1157 415 1362 462 ostendit,
1395 415 1434 453 et
1464 415 1704 454 catholicae

173 482 410 533 religionis
448 482 848 531 propugnatorem.
894 481 1137 531 Elii-angae
1169 481 1218 519 de
1257 480 1521 519 reducendis
1550 480 1703 518 haere-

174 549 274 587 ticis
304 547 361 586 ad
399 547 627 586 ecclesiam
657 548 759 597 egit.
792 547 989 586 Fructus
1031 547 1290 585 contionum
1335 547 1493 584 Patris
1531 544 1705 584 Canisii

172 615 404 664 Augustae
432 613 692 652 habitarum
720 613 1000 652 describitur.
1032 612 1306 662 Spiritualia
1337 613 1547 651 exercitia
1570 611 1705 650 multi

172 680 399 729 fructuose
425 679 724 729 peregerim&
755 679 837 717 alii
868 678 919 717 ab
948 678 1018 716 his
1048 678 1300 716 abhorrent.
1333 677 1572 715 Auocilium
1602 676 1704 714 reli-

171 745 312 794 9iosis
339 744 595 783 hominibus
619 745 908 794 praestitum.
939 743 1094 782 Debita
1115 743 1366 781 reverentia
1396 744 1444 781 in
1474 754 1602 781 sacro
1625 754 1704 781 au-

174 810 333 849 diendo
376 810 650 848 restituitur.
697 810 890 848 BIunera
921 810 960 847 et
981 821 1113 847 sacra
1141 809 1411 859 paramenta
1438 808 1703 857 offeruntur,

168 877 408 926 praecipue
439 887 466 914 a
495 875 636 913 nobili
665 876 835 924 femina
857 887 909 913 eac
933 875 1260 913 lutheranismo
1292 885 1520 913 conversa.
1555 872 1704 922 Scrip-

174 941 269 980 tum
306 953 392 991 pro
436 941 654 989 religione
694 941 910 979 catholica
955 941 1075 990 apud
1123 952 1271 990 reyem
1319 939 1496 978 Galliae
1541 939 1707 977 tuenda

171 1007 334 1046 editur.
367 1007 599 1057 Pauperes
639 1006 948 1044 sublevantur.
990 1005 1197 1055 Virgines
1228 1005 1342 1043 duae
1368 1006 1440 1054 pie
1470 1004 1707 1043 institutae

173 1072 281 1111 aliis
311 1072 609 1111 admirationi
638 1072 759 1110 sunt.
792 1071 941 1110 Datur
971 1083 1105 1121 opera
1134 1072 1185 1109 ut
1215 1071 1300 1109 duo
1333 1070 1497 1120 templa
1528 1069 1579 1108 ab
1608 1070 1708 1108 hae-

172 1138 323 1176 reticis
362 1137 611 1187 profanata
640 1136 679 1175 et
722 1136 975 1186 exspoliata
1006 1137 1053 1174 in
1095 1136 1349 1185 pristinum
1379 1135 1549 1174 statum
1579 1135 1708 1173 resti-

174 1203 379 1242 tuantur.
432 1202 550 1242 Saxo
584 1202 768 1252 quidam
812 1202 1019 1241 ecclesiae
1062 1202 1396 1241 reconciliatur.
1446 1203 1708 1252 Augustam·

173 1270 288 1307 cives
317 1268 488 1307 nostris
521 1268 732 1306 libentius
759 1280 894 1317 quam
924 1268 1033 1305 aliis
1056 1268 1237 1317 peccata
1267 1267 1549 1317 confitentur.
1586 1267 1706 1305 Non-

173 1334 295 1373 nulli
324 1334 374 1372 de
405 1333 638 1373 Societatis
668 1334 851 1384 collegio
882 1334 1159 1372 instituendo
1191 1334 1401 1383 cogitant.
1441 1333 1630 1381 Quidam
1658 1333 1706 1371 ob

173 1399 225 1438 P.
259 1398 496 1438 Canisium
527 1399 786 1438 traductum
816 1411 989 1437 carcere
1019 1399 1259 1439 multatur.

832 1610 946 1660 586

449 1752 859 1804 HENRICUS
932 1753 1336 1803 SOMALIUS

569 1891 745 1917 COLONIA
771 1882 793 1917 4
819 1890 1017 1917 OCTOBRIS
1046 1881 1133 1916 1561
1164 1881 1188 1917 1.

69 2000 188 2041 Socii
236 2003 305 2050 55,
355 2003 403 2041 in
450 2002 611 2052 quibus
658 2003 908 2041 sacerdotes
966 2004 1028 2051 11,
1081 2003 1262 2041 lectores
1301 2003 1367 2049 13,
1416 2002 1710 2052 promovendi

178 2067 236 2105 ad
281 2068 598 2118 magisterium
623 2069 726 2118 post
769 2069 859 2107 tres
904 2080 1090 2116 menses,
1125 2070 1162 2106 7.
1195 2068 1380 2106 Artium
1426 2080 1526 2107 vero
1558 2067 1709 2106 bacca-

178 2133 325 2172 laurei
351 2134 609 2183 propediem
631 2135 792 2183 futuri,
815 2135 857 2173 8.
890 2134 1073 2184 Reliqui
1094 2134 1160 2172 vel
1191 2134 1436 2172 rhetoricae
1456 2134 1523 2172 vel
1552 2133 1712 2172 huma—

176 2200 250 2237 nis
291 2199 456 2237 litteris
485 2199 677 2246 student,
712 2199 871 2249 (lilibus
901 2201 928 2238 4
960 2199 1066 2238 laici
1111 2199 1443 2247 adiuuquntur.
1477 2198 1712 2238 Sociorum

175 2264 374 2314 exemplo
406 2265 489 2303 alii
519 2265 576 2303 ad
605 2265 867 2315 reliyiosam
895 2266 1212 2315 perfectionem
1247 2265 1512 2303 incitantur.
1545 2264 1712 2304 Novem

178 2329 482 2368 adulescentes
511 2342 662 2369 recens
707 2331 898 2369 admissi
927 2331 1105 2369 suntin
1136 2330 1424 2379 Societatem;
1454 2342 1563 2379 quos
1592 2330 1713 2369 inter

174 2395 227 2434 P.
258 2395 495 2434 Francisct
528 2395 697 2435 Costeri
740 2396 1051 2438 consobrinus,
1085 2397 1125 2435 et
1155 2396 1340 2445 quidam
1384 2395 1605 2434 sacerdos.
1637 2395 1712 2435 So-

177 2461 351 2499 ciorum
377 2462 666 2500 mutationes.
703 2462 753 2500 P.
787 2462 1057 2500 Lambertus
1087 2462 1209 2500 Auer
1238 2462 1497 2511 moguntini
1537 2461 1713 2512 collegii

177 2526 321 2565 rector
363 2527 649 2566 constitutus.
684 2528 945 2578 Martyrum
972 2540 1074 2566 ossa
1105 2529 1143 2566 et
1175 2527 1318 2566 decem
1358 2527 1537 2576 integra
1566 2527 1714 2577 capita

182 2591 378 2630 Treviris
408 2593 456 2630 in
499 2593 750 2631 coloniense
794 2593 1032 2643 collegium
1063 2593 1311 2643 asportata.
1363 2591 1600 2631 Contiones
1628 2592 1713 2641 fre-

178 2657 360 2707 quentes
390 2658 429 2695 et
451 2658 710 2707 fructuosae
741 2670 764 2696 a
791 2659 845 2697 P.
870 2659 1064 2697 Henrico
1094 2659 1312 2709 Dionysio
1342 2658 1575 2696 habentur.
1603 2657 1713 2696 Con-

178 2723 366 2761 victores
397 2725 451 2762 50
483 2735 510 2762 a
540 2724 763 2773 fratribus
792 2725 992 2774 separati
1024 2726 1195 2763 vivunt.
1234 2724 1563 2773 Quadringenti
1592 2723 1713 2762 scho-

180 2788 330 2828 lastici
359 2790 535 2828 externi
564 2790 740 2828 scholas
779 2791 1082 2840 frequentant.
1117 2789 1294 2829 Civium
1325 2791 1471 2828 animi
1501 2801 1608 2839 erga
1637 2801 1710 2828 so-

179 2855 270 2892 cios
294 2856 612 2904 propensiores
641 2855 770 2904 fiunt.

134 2989 145 3007 ¹
169 2988 324 3030 Autogr.
350 2989 389 3021 in
423 2989 504 3022 cod.
533 2989 662 3021 Germ.
688 2989 772 3026 139,
797 2990 821 3023 f.
848 2991 929 3030 10ος
955 2991 1060 3032 prius
1086 2991 1142 3022 181
1168 2990 1268 3031 (165).
1294 2990 1382 3021 Eam
1406 2989 1523 3021 edidit
1547 2989 1711 3029 Hmsms,

72 3040 96 3074 l.
121 3050 151 3074 c.
176 3051 212 3083 p.
235 3042 374 3074 406-407
396 3043 485 3083 (no.
510 3043 598 3083 280).
624 3042 678 3075 Ob
701 3052 783 3075 eam
806 3053 894 3082 rem,
931 3044 967 3076 et
989 3044 1081 3085 quia
1115 3044 1244 3085 aliqua
1268 3043 1490 3084 repetuntur
1527 3043 1567 3074 in
1601 3043 1711 3084 epist.

73 3094 133 3127 die
154 3095 195 3127 26
217 3095 434 3128 Novembris
456 3096 557 3136 data,
582 3097 826 3129 omittendam
857 3097 1048 3130 duximus,
