2028 3531
341 269 410 304 402
812 271 1015 308 LirrnRAn
1049 272 1392 317 QUADmMEs'rREs

295 399 408 438 quae
438 388 483 427 in
512 388 609 428 eius
637 389 760 429 obitu
790 390 902 430 scitu
933 390 1068 440 digna
1097 389 1365 435 acciderunt,
1387 388 1492 438 quia
1512 389 1723 439 temporis
1752 391 1794 428 et
1822 389 1910 439 epi-

295 453 433 492 stolae
463 454 678 493 breuitate
706 455 995 504 excludimur,
1026 455 1173 494 uisum
1207 456 1271 493 est
1314 453 1361 492 in
1404 453 1653 504 praesentia
1681 453 1906 500 omittere;

296 517 406 557 illud
439 530 573 557 unum
604 519 713 558 satis
742 519 800 558 sit
820 520 1038 559 affirmare
1068 519 1231 559 iudicio
1255 519 1448 565 Patrum,
1471 518 1547 568 qui
1578 529 1646 557 res
1675 517 1907 557 Societatis

295 583 350 621 ab
380 582 522 632 ipsius
552 583 836 623 incunabulis
859 586 1106 635 perspectas
1136 584 1314 629 habent,
1338 594 1479 622 raram
1503 582 1639 622 fuisse
1669 582 1793 622 illius
1824 582 1910 622 uir-

296 649 447 693 tutem,
467 647 710 697 ingenium,
734 648 1016 699 reliquasque
1036 649 1174 694 dotes,
1196 648 1388 697 denique
1408 647 1546 687 uitam
1567 649 1699 698 atque
1719 647 1905 686 obitum.

298 711 538 751 Defunctus
567 714 634 751 est
662 713 793 752 etiam
824 725 876 753 ex
909 714 1059 753 eodem
1096 714 1248 752 morbo
1280 713 1323 751 11
1356 712 1525 752 calend.
1557 711 1826 762 Septembris
1856 711 1907 750 fr.

295 775 448 815 Simon
477 775 727 823 Corderius,
759 778 835 827 qui
879 790 960 817 nos
1001 778 1133 817 etiam
1175 789 1257 816 sua
1300 777 1464 816 uirtute
1493 778 1535 816 et
1564 776 1777 827 patientia
1820 787 1909 815 non

296 839 572 878 mediocriter
600 841 844 888 recreabat;
869 841 1115 881 iactabatur
1138 841 1256 881 enim
1278 840 1431 879 iandiu
1452 839 1676 879 continuis
1697 839 1909 886 febribus,

294 915 550 954 quanquam
580 904 691 944 lecto
712 917 801 945 non
821 906 1111 946 decumberet.
1131 906 1313 955 Vtrique
1334 905 1455 944 iuxta
1488 916 1651 944 morem
1681 903 1912 944 Societatis

296 968 412 1008 iusta
451 969 763 1019 persoluimus.
796 969 892 1020 Quo
922 983 1025 1010 uero
1054 971 1124 1010 die
1154 972 1204 1010 fr.
1238 970 1389 1010 Simon
1429 969 1664 1010 Corderius
1707 969 1910 1019 sepultus

295 1035 374 1081 est,
407 1033 483 1083 qui
513 1045 565 1073 ex
595 1034 677 1074 hac
714 1035 822 1074 urbe
863 1038 953 1075 erat
997 1036 1229 1081 oriundus,
1261 1035 1403 1074 adfuit
1444 1034 1541 1074 sine
1583 1033 1805 1085 lacrymis,
1837 1035 1913 1073 aut

296 1097 388 1137 ullo
417 1098 582 1138 doloris
612 1099 756 1150 signo,
788 1100 931 1150 ipsius
960 1102 1096 1151 pater,
1125 1103 1172 1139 ut
1202 1100 1302 1151 pius
1331 1111 1381 1138 ac
1412 1111 1513 1139 uere
1532 1099 1818 1145 christianus,
1840 1098 1911 1137 cui

295 1162 427 1202 etiam
457 1163 577 1203 filius
605 1164 716 1203 alter
744 1164 790 1203 in
820 1164 1036 1204 Societate
1074 1164 1378 1205 Conimbricae
1420 1166 1521 1203 ante
1563 1163 1734 1214 aliquot
1771 1174 1913 1202 annos

296 1229 498 1267 mortuus
527 1228 691 1276 fuerat3
723 1231 855 1279 atque
885 1230 968 1269 hoc
997 1230 1093 1280 ipso
1122 1229 1192 1269 die
1223 1241 1351 1268 mane
1382 1229 1428 1268 in
1458 1230 1609 1268 nostro
1630 1227 1809 1278 templo,
1840 1238 1912 1266 ex-

295 1291 428 1342 piatis
457 1292 734 1332 confessione
762 1293 1039 1341 criminibus,
1071 1295 1402 1334 sacrosanctum
1432 1292 1498 1334 Χ.ἰ
1523 1304 1684 1343 corpus
1705 1291 1909 1343 sumpsit.

296 1356 382 1396 Nec
412 1369 529 1396 mors
558 1357 747 1397 duorum
768 1358 960 1398 filiorum
980 1359 1223 1410 quidquam
1244 1358 1402 1405 effecit,
1429 1357 1670 1408 quominus
1700 1357 1910 1407 reliquos,

294 1423 426 1472 atque
454 1422 585 1461 etiam
633 1434 679 1462 se
708 1422 870 1473 ipsum,
903 1423 989 1463 nisi
1029 1423 1298 1474 matrimonij
1340 1423 1411 1462 ius
1452 1423 1661 1469 obstaret,
1694 1422 1739 1461 in
1770 1421 1913 1461 Socie-

295 1488 427 1526 tatem
471 1487 645 1527 admitti
689 1500 953 1540 magnopere
995 1490 1182 1538 exoptet.
1215 1487 1322 1528 Cum
1369 1499 1473 1527 uero
1515 1487 1568 1526 de
1610 1487 1706 1526 eius
1750 1486 1914 1526 uirtute

296 1551 435 1590 multa
465 1552 534 1592 Pr.
566 1551 736 1592 Natalis
765 1553 1010 1604 accipisset,
1043 1553 1171 1592 illum
1209 1552 1524 1603 efflagitantem
1554 1551 1786 1591 Societatis
1816 1562 1913 1590 nos-

294 1618 387 1655 trae
415 1616 672 1668 participem
710 1618 866 1658 effecit.
912 1617 979 1657 Sit
1020 1618 1103 1657 soli
1147 1617 1237 1657 Deo
1280 1617 1378 1657 laus
1407 1618 1450 1656 et
1491 1617 1634 1656 honor
1663 1615 1709 1654 in
1738 1627 1913 1655 omnem

294 1681 611 1723 aeternitatem.
647 1683 741 1723 Hoc
783 1683 933 1723 eodem
978 1685 1172 1734 tempore
1216 1683 1285 1722 Pr.
1319 1682 1405 1722 Leo
1435 1684 1464 1730 ¹,
1496 1682 1608 1722 duos
1651 1693 1840 1728 menses,
1871 1682 1915 1720 et

295 1746 538 1794 semissem,
570 1749 619 1786 ut
647 1748 774 1795 solet,
806 1748 1001 1799 grauiter
1029 1748 1267 1787 admodum
1298 1748 1450 1787 morbo
1483 1746 1637 1794 colico,
1669 1748 1710 1786 et
1743 1745 1913 1785 calculo

295 1811 530 1851 laborauit.
557 1811 683 1851 Nunc
713 1824 817 1852 uero
837 1814 931 1852 tum
952 1812 1061 1863 ipse,
1084 1814 1177 1852 tum
1199 1812 1358 1863 reliqui
1380 1811 1563 1863 aegroti,
1595 1811 1649 1850 ad
1679 1811 1912 1862 pristinam

296 1875 595 1915 ualetudinem
625 1877 815 1917 restituti
845 1879 963 1917 sunt.

373 1940 410 1980 02.
441 1940 704 1992 Quanquam
726 1942 843 1981 Deus
864 1942 961 1992 Opt.
996 1942 1125 1989 Max.,
1148 1954 1234 1993 qua
1260 1943 1326 1981 est
1356 1941 1564 1990 bonitate,
1589 1941 1749 1980 ardens
1777 1940 1912 1991 quod-

294 2005 396 2045 dam
444 2005 680 2056 profectus,
721 2008 763 2046 et
810 2006 1091 2058 perfectionis
1138 2006 1385 2057 spiritualis
1432 2006 1699 2046 desiderium
1748 2004 1914 2044 nostris

294 2081 466 2120 semper
494 2070 666 2121 inijciat
694 2073 736 2110 et
765 2073 968 2117 renouet,
1001 2073 1147 2110 tamen
1177 2071 1221 2110 id
1252 2071 1441 2110 maxime
1471 2070 1676 2122 apparuit
1716 2070 1913 2109 aduentu

296 2134 342 2173 P.
374 2134 560 2180 Natalis,
605 2134 733 2174 cuius
772 2146 919 2185 opera,
964 2137 1006 2174 et
1035 2135 1169 2181 uiam,
1214 2147 1348 2186 quam
1390 2134 1588 2186 aggressi
1618 2146 1789 2181 sumus,
1823 2145 1913 2172 ma-

295 2199 501 2238 nifestius
529 2201 570 2238 et
599 2199 820 2247 docemur,
851 2201 893 2239 et
922 2199 977 2239 ad
1007 2200 1376 2251 progrediendum
1423 2199 1616 2250 totisque
1659 2198 1836 2238 uiribus
1865 2197 1912 2237 in

294 2263 426 2303 uinea
455 2263 633 2303 Domini
662 2264 995 2311 elaborandum,
1023 2276 1110 2303 non
1142 2264 1418 2304 mediocriter
1437 2275 1590 2304 omnes
1619 2263 1913 2303 accendimur.

295 2329 502 2368 Peruenit
531 2328 605 2368 ille
626 2328 672 2368 in
692 2330 893 2368 nostrum
923 2329 1158 2380 collegium
1179 2329 1234 2369 ad
1263 2329 1470 2380 quintum
1499 2329 1717 2368 decimum
1740 2327 1910 2367 calend.

294 2393 508 2444 Augusti;
540 2404 728 2444 cumque
757 2404 807 2432 ea
836 2393 1013 2432 interim
1042 2393 1197 2440 obiret,
1229 2405 1342 2444 quae
1371 2393 1426 2432 ad
1455 2404 1584 2432 suum
1618 2403 1780 2432 munus
1823 2403 1914 2442 per-

294 2457 450 2505 tinent,
483 2469 565 2496 nos
593 2469 747 2497 omnes
775 2459 816 2496 et
845 2457 1009 2505 uerbis,
1053 2459 1095 2497 et
1127 2458 1327 2508 exemplo
1370 2468 1634 2509 magnopere
1681 2456 1910 2496 recreauit.

295 2522 376 2562 Sed
407 2534 503 2562 cum
536 2522 643 2561 baec
672 2524 874 2573 agentem
904 2522 1039 2561 febris
1081 2522 1336 2570 inuasisset,
1383 2522 1528 2562 uisum
1559 2523 1624 2561 est
1655 2521 1836 2561 medicis
1866 2522 1913 2560 ut

295 2587 633 2639 Olyssipponem
662 2587 918 2634 discederet,
949 2599 1004 2626 ne
1033 2587 1171 2626 nimio
1206 2587 1341 2627 huius
1369 2587 1494 2627 urbis
1523 2589 1647 2626 aestu
1685 2587 1867 2626 morbus
1895 2593 1914 2612 ἃ

295 2651 642 2703 ingrauesceret;
674 2662 861 2702 cumque
890 2651 1067 2701 singula
1089 2652 1322 2702 gymnasia
1344 2651 1642 2702 percurrisset,
1666 2652 1913 2701 praecepto-

295 2728 363 2756 res
406 2716 707 2767 praelegentes
748 2716 1008 2763 audiuisset,
1059 2716 1417 2767 interfuissetque
1456 2715 1722 2767 promotioni
1768 2715 1914 2754 cuius-

294 2781 396 2820 dam
427 2780 640 2831 magistri,
685 2782 727 2820 et
756 2780 946 2831 publicis
974 2780 1105 2820 etiam
1149 2781 1397 2832 theologiae
1426 2780 1820 2832 disputationibus,
1866 2779 1913 2818 in

356 2930 375 2948 a
395 2922 544 2954 morbus
567 2930 694 2962 supra
716 2929 817 2953 vers.

357 3048 363 3064 ¹
389 3046 426 3078 P.
452 3046 522 3078 Leo
545 3045 765 3087 HenriqueZ,
790 3045 920 3077 rector.
