2028 3531
330 295 392 327 19⁴¹»
796 291 997 327 luri-aum:
1024 292 1366 335 Qquiunns‘raizs

278 412 421 451 minae
443 410 797 461 ‹·‹›n1punetionis
820 410 1064 453 infundere,
1091 411 1341 459 factumque
1363 410 1423 446 cst
1456 419 1530 446 cor
1558 407 1654 456 ejus
1686 409 1893 458 tanquam

276 489 372 516 cera
406 476 652 526 liquescens
684 477 711 518 ¹,
743 476 783 513 et
817 475 999 514 feruenti
1031 475 1181 514 dolore
1211 475 1484 512 sacramenta
1519 471 1727 522 suscepit,
1759 472 1895 511 susci-

279 542 427 592 pitque
458 542 728 591 frequentem
761 542 801 579 et
831 542 997 590 quanto
1032 540 1178 579 carnis
1217 538 1383 587 delitiis
1418 539 1546 576 antea
1576 536 1892 579 oblectabatur,

277 609 398 645 tanto
431 617 545 645 nunc
574 605 771 644 eiusdem
801 604 948 643 carnis
977 604 1311 654 castigationem
1347 601 1581 652 exquisitis
1613 601 1895 651 poenitentiis

278 673 494 722 procurat.
532 670 628 709 Fuit
657 671 697 708 et
727 669 907 720 quidam
941 669 1006 708 vir
1033 670 1085 708 30
1114 680 1256 707 annos
1302 669 1448 707 natus.
1493 666 1568 716 qui
1601 665 1643 704 in
1676 667 1767 704 tota
1808 665 1894 704 vita

276 748 353 775 nec
386 734 680 785 poenitentiae
710 746 788 773 nec
818 734 1112 773 eucharistiae
1143 733 1417 771 sacramenta
1438 732 1714 780 susceperat:
1749 730 1786 769 is
1819 730 1894 769 Dei

276 801 443 840 lumine
493 799 696 850 perfusus
733 810 947 849 suamque
980 798 1097 837 velut
1128 797 1343 837 brutalem
1388 795 1523 834 vitam
1567 806 1812 845 agnoscens
1841 794 1893 833 ad

277 867 439 905 iontem
471 866 847 903 sacramentorum
877 863 1034 902 sitiens
1064 862 1267 908 accurrit,
1301 860 1498 910 lauitque
1536 861 1708 910 peccata
1739 871 1818 898 sua
1850 859 1894 897 in

275 930 493 981 sanguine
523 928 640 979 Agni
669 930 700 970 Β.
732 930 1005 967 sacramenta
1037 926 1334 978 suscipiendo.
1369 925 1501 964 Plura
1523 924 1611 963 alia
1632 924 1702 963 his
1731 923 1896 963 similia

281 997 376 1035 lesu
408 994 506 1045 Xpi.
541 993 717 1033 Domini
739 993 879 1032 nostri
901 992 1118 1043 singulari
1142 991 1301 1042 pietate
1331 990 1483 1029 effecta
1515 1000 1686 1039 possem
1721 990 1892 1035 referre,

276 1061 351 1101 sed
381 1059 487 1111 quia
516 1070 634 1098 nunc
664 1057 899 1097 memoriae
929 1069 1018 1096 non
1048 1057 1298 1099 occurrunt,
1330 1056 1368 1093 et
1402 1066 1455 1093 ne
1484 1053 1696 1104 epistolae
1718 1053 1897 1092 modum

276 1125 482 1165 excedere.
514 1124 677 1171 videar,
709 1122 996 1173 supersedeo:
1030 1121 1180 1172 qualia
1202 1122 1345 1159 forent
1367 1119 1592 1170 perplures
1622 1117 1894 1163 inimicitiae,

275 1188 537 1229 condonatis
580 1187 774 1238 injurijs,
821 1188 1071 1226 nostrorum
1116 1186 1368 1224 interuentu
1413 1182 1736 1224 reconciliatae,
1777 1184 1819 1221 et
1853 1181 1895 1221 id

276 1265 417 1303 genus
436 1253 539 1300 alia,
562 1264 674 1304 quae
696 1252 814 1291 Deus
836 1242 879 1290 in
902 1250 1111 1290 omnibus
1131 1251 1360 1300 operatur:
1388 1248 1475 1298 Ipsi
1497 1248 1640 1286 honor
1667 1248 1707 1286 et
1739 1246 1893 1297 gloria.

356 1320 393 1359 4.
425 1318 649 1368 Quantum
680 1319 826 1356 autem
858 1316 903 1354 in
933 1315 1028 1355 dies
1057 1316 1221 1353 crescat
1261 1315 1404 1352 bonus
1447 1311 1679 1352 Societatis
1722 1313 1897 1350 nostrae

277 1385 386 1425 odor
414 1383 531 1434 apud
561 1381 819 1422 huiusmodi
851 1381 1099 1426 insulanos,
1131 1381 1432 1430 quantamque
1461 1377 1514 1417 de
1543 1376 1708 1416 nostris
1728 1376 1898 1427 opinio-

278 1461 377 1490 nem
407 1450 661 1498 conceptam
707 1447 896 1485 habeant
931 1457 1099 1493 omneS,
1133 1444 1342 1494 (exceptis
1372 1442 1594 1494 religiosis
1627 1444 1668 1481 et
1697 1441 1898 1481 ecclesia-

277 1514 400 1554 sticis
430 1525 519 1553 non
549 1524 703 1563 parum
735 1511 864 1550 nobis
908 1510 1097 1560 infestis)
1143 1509 1244 1560 quis
1287 1507 1540 1547 enarrabit?
1583 1507 1820 1546 Testantur
1854 1506 1895 1545 id

277 1578 570 1619 communiter
611 1589 765 1616 omnes
794 1576 845 1615 ad
880 1578 1054 1615 nostros
1083 1574 1389 1625 confugientes
1432 1573 1479 1612 in
1521 1572 1615 1612 suis
1653 1572 1896 1617 laboribus,

277 1643 513 1695 angustijS,
559 1641 898 1681 necessitatibus
928 1652 978 1679 ac
1007 1639 1253 1690 scrupulis:
1299 1639 1408 1677 adeo
1453 1640 1500 1677 ut
1542 1649 1638 1677 cum
1671 1637 1717 1675 in
1747 1636 1898 1687 aliquo

277 1708 428 1751 dubio,
461 1707 556 1747 siue
586 1705 872 1745 tribulatione
903 1706 1152 1750 Versantur,
1198 1716 1276 1754 pro
1320 1715 1500 1743 recursu
1543 1702 1597 1742 ad
1634 1703 1809 1741 nostros
1839 1701 1898 1740 fa-

277 1773 433 1813 ciendo
462 1772 606 1811 dicere
635 1771 828 1810 soleant:
866 1785 885 1804 «
916 1770 1068 1809 Patres
1107 1769 1216 1808 istos
1245 1771 1422 1807 sanctos
1464 1768 1689 1813 adeamus,
1721 1766 1775 1805 ad
1806 1766 1899 1805 fon-

276 1841 362 1877 tem
398 1836 716 1876 nitidissimum
752 1835 1011 1874 accedamus
1041 1851 1078 1881 »‚
1111 1836 1209 1880 etc,
1242 1833 1372 1884 plane
1401 1832 1625 1872 communi
1657 1843 1760 1870 voce
1792 1842 1898 1869 vna-

278 1903 457 1942 nimiter
486 1901 687 1948 fatentes,
720 1899 948 1939 minimam
980 1901 1095 1938 hanc
1125 1898 1385 1937 Societatem
1418 1898 1514 1936 Iesu
1547 1896 1688 1947 ipsius
1732 1895 1898 1935 miseri-

277 1967 425 2007 cordia
458 1966 637 2005 missam
668 1965 715 2004 in
744 1965 857 2004 hanc
889 1964 1083 2003 insulam
1113 1963 1168 2002 ad
1198 1962 1471 2002 reducendas
1499 1973 1606 2001 oues
1626 1973 1738 2012 quae
1760 1960 1898 2011 perie-

278 2034 377 2071 rant
397 2034 424 2070 ·‘³.
445 2031 682 2070 Testantur
701 2029 832 2069 etiam
852 2028 1057 2068 nonnulli
1079 2040 1129 2067 ex
1151 2027 1311 2067 vicinis
1327 2027 1504 2077 oppidis
1520 2038 1598 2077 pro
1615 2025 1898 2076 suscipiendo

278 2095 575 2147 poenitentiae
604 2096 879 2133 sacramento
909 2093 963 2132 ad
994 2104 1076 2132 nos
1106 2092 1344 2131 venientes.
1367 2091 1572 2130 Testatur
1601 2093 1639 2129 et
1672 2090 1714 2129 id
1742 2090 1898 2140 ingens

277 2161 546 2201 desiderium
575 2172 663 2211 quo
701 2159 889 2209 flagrant
932 2169 1086 2197 omnes
1131 2159 1380 2196 nostrarum
1412 2156 1681 2204 scholarum,
1715 2155 1823 2194 adeo
1857 2157 1896 2193 vt

278 2230 319 2266 et
349 2239 400 2266 ex
430 2226 518 2265 alio
549 2225 684 2276 hujus
713 2224 886 2263 insulae
916 2223 1016 2269 fine,
1058 2222 1208 2261 literas
1239 2222 1531 2271 receperimus
1560 2221 1766 2260 certiores
1796 2221 1897 2260 facti

281 2294 457 2342 paratos
486 2291 635 2341 plures
665 2289 790 2328 illinc
810 2288 865 2327 ad
886 2290 1036 2327 nostra
1067 2287 1229 2327 studia.
1256 2286 1325 2325 vbi
1350 2288 1539 2336 primum
1571 2285 1776 2325 inchoata
1808 2288 1898 2324 fue-

280 2356 382 2402 rint,
427 2366 696 2394 accessuros.
743 2353 948 2392 Testatus
991 2352 1072 2390 hoc
1117 2351 1230 2389 idem
1276 2353 1339 2389 est
1382 2351 1571 2390 deuotus
1617 2349 1797 2400 quidam
1842 2350 1899 2389 ci·

279 2421 350 2460 uis
379 2428 412 2466 ὃ,
444 2419 520 2470 qui
552 2431 629 2469 pro
660 2417 917 2458 huiusmodi
949 2416 1135 2455 faciliori
1167 2416 1339 2458 effectu,
1372 2415 1502 2454 nobis
1531 2426 1649 2454 nunc
1682 2415 1898 2453 concessit

278 2486 330 2525 30
359 2496 533 2524 annuos
562 2495 720 2523 aureos
750 2482 767 2508 b
801 2481 1039 2521 donatione
1073 2481 1187 2519 inter
1232 2480 1356 2519 viuos
1399 2480 1629 2519 celebrata.
1663 2480 1900 2519 Testantur

280 2550 461 2600 insuper
494 2548 598 2598 varij
649 2547 769 2587 varia
798 2547 844 2586 in
873 2558 956 2585 nos
984 2546 1258 2585 conferentes
1303 2545 1536 2583 beneficia:
1582 2544 1694 2584 duos
1736 2544 1898 2595 quippe

278 2614 437 2653 calices
479 2615 710 2664 argenteos
740 2613 856 2651 dono
899 2610 1065 2650 dudum
1096 2610 1345 2659 accepimus
1374 2612 1413 2648 et
1448 2610 1565 2648 varia
1595 2609 1803 2648 ecclesiae
1832 2621 1899 2647 or-

341 2818 357 2835 a
386 2808 578 2840 Ευιθ(1.θ,ν
594 2808 706 2839 ciues.
733 2826 771 2828 —
796 2806 813 2832 b
835 2808 919 2846 ὅρη.
947 2803 1109 2844 aliquod
1133 2812 1165 2834 r.
1191 2803 1345 2843 inqwrf.
1372 2803 1444 2834 del.

342 2967 351 2983 ¹
376 2964 426 2997 Cf.
453 2964 510 2996 Ps.
537 2964 630 2998 XXI,
658 2964 705 2995 15.

341 3021 353 3037 ‘³
376 3018 427 3051 Cf.
452 3017 608 3049 Arocm„
634 3016 711 3051 VII,
738 3016 787 3047 14.

341 3074 354 3090 ³
376 3072 426 3103 Cf.
455 3071 538 3102 Lmz.
565 3070 639 3107 XV,
665 3070 684 3101 4
707 3079 786 3110 sqq.
