2028 3531
312 285 380 319 788
785 285 987 323 Lim-rann:
1014 287 1358 332 QUAnmmms'rRas

266 415 342 454 per
370 402 605 442 stultorum
636 404 679 442 et
708 402 1008 453 improborum
1033 404 1261 444 hominum
1292 416 1369 443 ora
1392 415 1491 444 eum
1522 416 1769 445 sermonem
1799 406 1886 446 dis-

265 467 446 518 sipauit,
470 467 615 506 uirum
638 467 968 508 nobilissimum
999 481 1024 508 a
1046 469 1173 508 Patre
1200 471 1350 508 nostro
1370 469 1599 520 deceptum
1621 481 1731 518 esse,
1754 472 1886 521 atque

265 544 464 580 suasum,
484 534 531 571 ut
549 531 806 583 religionem
824 533 1065 584 ingressus,
1086 534 1215 573 nobis
1231 545 1336 573 suas
1354 533 1585 573 facultates
1603 534 1882 586 relinqueret;

264 598 381 648 quod
414 599 614 636 nostrum
644 609 820 648 quoque
857 598 1093 650 collegium
1126 599 1239 637 inter
1268 598 1380 637 alias
1420 610 1661 649 pauperum
1693 600 1885 639 familias

263 663 672 709 commemorasset3
705 673 818 713 quae
846 663 998 714 opinio
1029 664 1137 703 adeo
1168 663 1213 701 in
1245 663 1563 702 nonnullorum
1594 664 1756 703 animis
1785 676 1886 704 con-

264 728 437 766 firmata
466 728 546 770 est,
571 728 617 766 ut
647 727 829 779 net'arijS
859 728 1025 767 diaboli
1056 728 1289 767 conatibus
1311 727 1481 767 felicem
1510 727 1607 768 eius
1629 729 1689 768 rei
1720 729 1885 769 exitum

266 791 478 842 impedire
517 802 646 841 posse
685 791 889 832 uideatur
918 800 950 832 a.
985 793 1077 832 Hac
1116 793 1251 843 igitur
1280 794 1536 843 tempestate
1576 793 1772 841 suborta,
1808 794 1884 844 qui

264 868 367 895 uere
410 855 617 895 Societati
656 856 908 904 studebant,
944 857 1001 896 rei
1046 857 1197 908 agnita
1228 856 1427 898 ueritate.
1475 857 1615 908 magis
1645 858 1688 896 in
1735 860 1886 898 nostra

263 920 459 960 amicitia
489 922 593 959 sunt
621 921 892 968 confirmati,
926 933 1004 961 nee
1033 922 1268 961 defuerunt
1298 921 1383 960 uiri
1414 921 1666 968 clarissimi,
1697 923 1773 973 qui
1810 935 1886 962 no-

262 987 378 1024 stras
406 986 553 1035 partes
581 987 735 1024 contra
764 986 1064 1037 quorumlibet
1092 986 1434 1025 obtrectationes
1463 986 1762 1026 defendendas
1791 998 1886 1027 sus-

262 1049 471 1100 ciperent.
505 1049 654 1100 Neque
675 1061 781 1089 uero
798 1049 896 1089 ideo
917 1050 1221 1090 confitentium
1245 1050 1289 1088 in
1316 1052 1467 1090 nostro
1489 1051 1651 1101 templo
1673 1063 1885 1091 numerus

262 1116 330 1153 est
359 1114 637 1161 imminutus,
660 1114 767 1165 quin
800 1115 948 1165 potius
977 1115 1142 1163 omnia,
1175 1117 1222 1154 ut
1243 1127 1376 1165 supra
1407 1115 1673 1166 significaui‚
1697 1128 1809 1167 quae
1830 1116 1885 1155 ad

262 1179 492 1229 templum,
524 1191 697 1230 queque
727 1180 781 1219 ad
812 1180 988 1219 scholas
1017 1180 1204 1219 attinent
1236 1180 1527 1230 amplificata;
1560 1182 1732 1220 tantum
1770 1181 1886 1220 ueri-

264 1243 367 1283 tatis
397 1243 541 1294 ignari
572 1244 643 1283 uel
674 1244 1021 1295 impugnatores,
1051 1244 1262 1294 neglectis
1292 1244 1467 1294 legibus
1496 1244 1764 1284 christianae
1800 1245 1886 1295 pie-

264 1308 383 1357 tatis,
414 1310 566 1348 contra
597 1320 677 1348 nos
711 1311 827 1348 stare
857 1308 1079 1355 uidentur,
1112 1310 1324 1357 negantes
1363 1320 1492 1359 posse
1521 1320 1620 1348 eum
1651 1320 1781 1348 suum
1812 1321 1885 1360 pa-

263 1373 521 1413 trimonium
566 1373 668 1424 alijs
710 1385 841 1424 quam
888 1373 983 1413 suis
1013 1374 1224 1413 fratribus
1269 1373 1497 1424 (quisunt
1538 1374 1883 1425 opulentissimi)

264 1438 526 1489 relinquere,
559 1439 634 1477 sed
669 1441 980 1489 superaturum
1011 1438 1222 1477 nimirum
1262 1438 1554 1489 potentiorem
1584 1438 1808 1478 Christum
1840 1434 1886 1478 in

260 1503 391 1543 cuius
422 1504 617 1543 membra
645 1515 695 1542 ea
726 1504 842 1543 bona
870 1504 1030 1543 collata
1060 1506 1164 1543 sunt
1195 1503 1376 1542 minime
1405 1503 1676 1543 dubitamus
1711 1503 1886 1555 [Preces

256 1570 461 1620 postulat
490 1571 529 1608 et
559 1568 798 1620 valedicit]
820 1566 1046 1607 Bononiae
1077 1568 1182 1607 IIIJ⁰
1203 1568 1303 1607 idus
1334 1568 1560 1619 Februarij
1593 1568 1646 1608 M.
1669 1568 1720 1608 D.
1746 1568 1882 1608 LXIJ.

344 1634 394 1673 R.
429 1634 476 1673 P.
509 1633 556 1673 T.
591 1633 804 1673 minimus
835 1634 881 1672 in
912 1632 1087 1673 Christo
1118 1633 1237 1672 filius

1120 1722 1377 1762 LUDOUICUS
1411 1722 1717 1762 GAGLIARDIUS
1748 1724 1777 1769 1,

368 1798 600 1838 Societatis
628 1798 732 1838 Jesu
763 1798 1104 1849 indignissimus
1134 1810 1305 1838 seruus.

367 1900 664 1939 Desideratur
691 1901 940 1950 inscriptio.

1018 2134 1130 2181 629

859 2272 1285 2323 VENEGAS

726 2421 934 2447 MONTULIA
963 2410 1006 2446 10
1032 2421 1252 2446 FEBRUARII
1282 2411 1372 2446 1560]
1397 2411 1421 2447 2.

260 2535 298 2569 1.
330 2532 563 2570 Sociorum
605 2543 823 2570 numerus
866 2531 906 2569 et
950 2531 1170 2569 valetudo.
1204 2553 1254 2557 —
1289 2535 1330 2569 2.
1366 2531 1612 2570 Contiones.
1656 2531 1884 2581 Frequens

368 2609 611 2636 concursus
659 2597 716 2635 ad
762 2597 1046 2634 sacramenta
1093 2596 1392 2645 suscipienda.
1430 2596 1589 2635 Carcer
1626 2597 1666 2635 et
1707 2608 1883 2634 nosoco-

365 2664 508 2701 mium
549 2662 816 2701 invisuntur
845 2673 872 2700 a
901 2662 1048 2699 sociis.
1081 2682 1131 2686 —
1162 2664 1251 2699 3-4.
1282 2660 1548 2700 Scholarum
1593 2661 1772 2700 ordines
1788 2674 1802 2708 ;
1831 2673 1883 2699 ex

367 2740 561 2777 quorum
590 2728 743 2776 infimo
773 2726 919 2765 multa
948 2726 1060 2764 bona
1084 2728 1377 2775 promanant.

323 2888 341 2907 a
362 2879 523 2912 Emend.
547 2889 594 2912 ex
616 2879 819 2912 uideretur.

324 3011 333 3028 ¹
357 3010 449 3042 Vide
472 3020 505 3051 p.
530 3010 601 3042 333.

324 3065 335 3081 2
360 3063 409 3094 Ex
433 3063 566 3103 origin.
593 3063 631 3094 in
655 3063 733 3095 cod.
758 3061 871 3102 Hisp.
897 3061 956 3096 99,
982 3060 1005 3093 f.
1030 3061 1088 3099 83;
1114 3060 1218 3101 prius
1239 3061 1310 3092 371.
