<?xml version="1.0" encoding="UTF-8"?>
<!DOCTYPE html PUBLIC "-//W3C//DTD XHTML 1.0 Transitional//EN"
    "http://www.w3.org/TR/xhtml1/DTD/xhtml1-transitional.dtd">
<html xmlns="http://www.w3.org/1999/xhtml" xml:lang="en" lang="en">
 <head>
  <title>
</title>
<meta http-equiv="Content-Type" content="text/html;charset=utf-8" />
  <meta name='ocr-system' content='tesseract 3.04.00' />
  <meta name='ocr-capabilities' content='ocr_page ocr_carea ocr_par ocr_line ocrx_word'/>
</head>
<body>
  <div class='ocr_page' id='page_1' title='image "./litteraequadrime1907lain_0478.png"; bbox 0 0 2028 3531; ppageno 0'>
   <div class='ocr_carea' id='block_1_1' title="bbox 306 273 1354 317">
    <p class='ocr_par' dir='ltr' id='par_1_1' title="bbox 306 273 1354 317">
     <span class='ocr_line' id='line_1_1' title="bbox 306 273 1354 317; baseline -0.001 -9"><span class='ocrx_word' id='word_1_1' title='bbox 306 273 375 309; x_wconf 67' lang='lat'>459.</span> <span class='ocrx_word' id='word_1_2' title='bbox 781 273 983 309; x_wconf 67' lang='lat' dir='ltr'>Li&#39;r&#39;rEnAi:</span> <span class='ocrx_word' id='word_1_3' title='bbox 1011 274 1354 317; x_wconf 69' lang='lat' dir='ltr'>QUAnRiMEsrnsss</span> 
     </span>
    </p>
   </div>
   <div class='ocr_carea' id='block_1_2' title="bbox 259 390 1880 893">
    <p class='ocr_par' dir='ltr' id='par_1_2' title="bbox 259 390 1880 893">
     <span class='ocr_line' id='line_1_2' title="bbox 259 390 1877 441; baseline -0.001 -10"><span class='ocrx_word' id='word_1_4' title='bbox 259 392 448 441; x_wconf 82' lang='lat' dir='ltr'>esereitij</span> <span class='ocrx_word' id='word_1_5' title='bbox 480 392 569 431; x_wconf 84' lang='lat' dir='ltr'>dati</span> <span class='ocrx_word' id='word_1_6' title='bbox 600 404 624 431; x_wconf 83' lang='lat' dir='ltr'>a</span> <span class='ocrx_word' id='word_1_7' title='bbox 654 392 786 434; x_wconf 83' lang='lat' dir='ltr'>detta.</span> <span class='ocrx_word' id='word_1_8' title='bbox 818 392 898 431; x_wconf 78' lang='lat' dir='ltr'><em>ohe</em></span> <span class='ocrx_word' id='word_1_9' title='bbox 929 392 1055 431; x_wconf 83' lang='lat' dir='ltr'>uolea</span> <span class='ocrx_word' id='word_1_10' title='bbox 1085 392 1218 429; x_wconf 72' lang='lat' dir='ltr'>esser’</span> <span class='ocrx_word' id='word_1_11' title='bbox 1247 402 1394 437; x_wconf 71' lang='lat' dir='ltr'>soora,</span> <span class='ocrx_word' id='word_1_12' title='bbox 1432 393 1473 429; x_wconf 87' lang='lat' dir='ltr'>et</span> <span class='ocrx_word' id='word_1_13' title='bbox 1502 390 1779 430; x_wconf 80' lang='lat' dir='ltr'>confessione</span> <span class='ocrx_word' id='word_1_14' title='bbox 1808 402 1877 441; x_wconf 83' lang='lat' dir='ltr'><em>ge-</em></span> 
     </span>
     <span class='ocr_line' id='line_1_3' title="bbox 261 455 1877 507; baseline -0.001 -12"><span class='ocrx_word' id='word_1_15' title='bbox 261 457 424 504; x_wconf 80' lang='lat' dir='ltr'>nerale,</span> <span class='ocrx_word' id='word_1_16' title='bbox 457 457 661 496; x_wconf 80' lang='lat' dir='ltr'>restando</span> <span class='ocrx_word' id='word_1_17' title='bbox 692 456 736 495; x_wconf 90' lang='lat' dir='ltr'>in</span> <span class='ocrx_word' id='word_1_18' title='bbox 767 468 848 495; x_wconf 90' lang='lat' dir='ltr'>suo</span> <span class='ocrx_word' id='word_1_19' title='bbox 880 456 1118 507; x_wconf 65' lang='lat' dir='ltr'>propositQ</span> <span class='ocrx_word' id='word_1_20' title='bbox 1151 456 1280 494; x_wconf 78' lang='lat' dir='ltr'>furno</span> <span class='ocrx_word' id='word_1_21' title='bbox 1310 455 1407 494; x_wconf 89' lang='lat' dir='ltr'>suoi</span> <span class='ocrx_word' id='word_1_22' title='bbox 1434 455 1604 505; x_wconf 80' lang='lat' dir='ltr'>parenti</span> <span class='ocrx_word' id='word_1_23' title='bbox 1625 455 1877 505; x_wconf 80' lang='lat' dir='ltr'>consigliati</span> 
     </span>
     <span class='ocr_line' id='line_1_4' title="bbox 261 519 1878 566; baseline -0.001 -6"><span class='ocrx_word' id='word_1_24' title='bbox 261 521 333 561; x_wconf 86' lang='lat' dir='ltr'>dal</span> <span class='ocrx_word' id='word_1_25' title='bbox 365 521 603 560; x_wconf 87' lang='lat' dir='ltr'>medesimo</span> <span class='ocrx_word' id='word_1_26' title='bbox 634 521 772 560; x_wconf 86' lang='lat' dir='ltr'>Padre</span> <span class='ocrx_word' id='word_1_27' title='bbox 802 533 826 560; x_wconf 83' lang='lat' dir='ltr'>a</span> <span class='ocrx_word' id='word_1_28' title='bbox 848 521 1044 560; x_wconf 80' lang='lat' dir='ltr'>metterla</span> <span class='ocrx_word' id='word_1_29' title='bbox 1068 520 1111 558; x_wconf 84' lang='lat' dir='ltr'>in</span> <span class='ocrx_word' id='word_1_30' title='bbox 1133 520 1251 558; x_wconf 78' lang='lat' dir='ltr'>(letto</span> <span class='ocrx_word' id='word_1_31' title='bbox 1274 521 1536 566; x_wconf 74' lang='lat' dir='ltr'>monastero,</span> <span class='ocrx_word' id='word_1_32' title='bbox 1560 520 1602 558; x_wconf 91' lang='lat' dir='ltr'>et</span> <span class='ocrx_word' id='word_1_33' title='bbox 1621 521 1711 558; x_wconf 84' lang='lat' dir='ltr'>cosi</span> <span class='ocrx_word' id='word_1_34' title='bbox 1729 519 1878 558; x_wconf 90' lang='lat' dir='ltr'>hanno</span> 
     </span>
     <span class='ocr_line' id='line_1_5' title="bbox 263 583 1879 636; baseline -0.002 -11"><span class='ocrx_word' id='word_1_35' title='bbox 263 586 370 625; x_wconf 87' lang='lat' dir='ltr'>fatto</span> <span class='ocrx_word' id='word_1_36' title='bbox 400 586 545 636; x_wconf 84' lang='lat' dir='ltr'>doppo</span> <span class='ocrx_word' id='word_1_37' title='bbox 575 586 707 625; x_wconf 87' lang='lat' dir='ltr'>molte</span> <span class='ocrx_word' id='word_1_38' title='bbox 738 586 931 635; x_wconf 71' lang='lat' dir='ltr'>fatighe2</span> <span class='ocrx_word' id='word_1_39' title='bbox 963 588 1006 624; x_wconf 86' lang='lat' dir='ltr'>et</span> <span class='ocrx_word' id='word_1_40' title='bbox 1034 585 1143 623; x_wconf 86' lang='lat' dir='ltr'>oltre</span> <span class='ocrx_word' id='word_1_41' title='bbox 1191 595 1271 622; x_wconf 84' lang='lat' dir='ltr'>sua</span> <span class='ocrx_word' id='word_1_42' title='bbox 1305 585 1585 623; x_wconf 81' lang='lat' dir='ltr'>eontentezza</span> <span class='ocrx_word' id='word_1_43' title='bbox 1619 585 1660 622; x_wconf 85' lang='lat' dir='ltr'>et</span> <span class='ocrx_word' id='word_1_44' title='bbox 1689 583 1758 622; x_wconf 94' lang='lat' dir='ltr'>del</span> <span class='ocrx_word' id='word_1_45' title='bbox 1790 595 1879 622; x_wconf 91' lang='lat' dir='ltr'>mo-</span> 
     </span>
     <span class='ocr_line' id='line_1_6' title="bbox 262 647 1879 697; baseline -0.001 -8"><span class='ocrx_word' id='word_1_46' title='bbox 262 652 454 692; x_wconf 83' lang='lat' dir='ltr'>nostero.</span> <span class='ocrx_word' id='word_1_47' title='bbox 487 650 522 689; x_wconf 91' lang='lat' dir='ltr'>si</span> <span class='ocrx_word' id='word_1_48' title='bbox 555 650 654 689; x_wconf 80' lang='lat' dir='ltr'>leuo</span> <span class='ocrx_word' id='word_1_49' title='bbox 684 650 956 689; x_wconf 78' lang='lat' dir='ltr'>l&#39;occasione</span> <span class='ocrx_word' id='word_1_50' title='bbox 986 649 1027 688; x_wconf 91' lang='lat' dir='ltr'>di</span> <span class='ocrx_word' id='word_1_51' title='bbox 1062 649 1182 688; x_wconf 83' lang='lat' dir='ltr'>molti</span> <span class='ocrx_word' id='word_1_52' title='bbox 1215 647 1317 697; x_wconf 85' lang='lat' dir='ltr'>malj</span> <span class='ocrx_word' id='word_1_53' title='bbox 1367 649 1408 687; x_wconf 87' lang='lat' dir='ltr'>et</span> <span class='ocrx_word' id='word_1_54' title='bbox 1454 647 1629 695; x_wconf 84' lang='lat' dir='ltr'>dicerie‚</span> <span class='ocrx_word' id='word_1_55' title='bbox 1669 648 1879 687; x_wconf 86' lang='lat' dir='ltr'>inconue-</span> 
     </span>
     <span class='ocr_line' id='line_1_7' title="bbox 263 711 1880 764; baseline -0.001 -11"><span class='ocrx_word' id='word_1_56' title='bbox 263 714 402 754; x_wconf 82' lang='lat' dir='ltr'>nienti</span> <span class='ocrx_word' id='word_1_57' title='bbox 433 715 478 753; x_wconf 91' lang='lat' dir='ltr'>in</span> <span class='ocrx_word' id='word_1_58' title='bbox 509 715 651 764; x_wconf 78' lang='lat' dir='ltr'>questi</span> <span class='ocrx_word' id='word_1_59' title='bbox 701 715 847 753; x_wconf 86' lang='lat' dir='ltr'>miseri</span> <span class='ocrx_word' id='word_1_60' title='bbox 897 716 937 753; x_wconf 79' lang='lat' dir='ltr'>et.</span> <span class='ocrx_word' id='word_1_61' title='bbox 984 713 1229 753; x_wconf 72' lang='lat' dir='ltr'>calamitosi</span> <span class='ocrx_word' id='word_1_62' title='bbox 1280 712 1427 762; x_wconf 82' lang='lat' dir='ltr'>tempi.</span> <span class='ocrx_word' id='word_1_63' title='bbox 1462 711 1668 763; x_wconf 72' lang='lat' dir='ltr'><em>[Iuvenis</em></span> <span class='ocrx_word' id='word_1_64' title='bbox 1698 714 1880 763; x_wconf 74' lang='lat' dir='ltr'>quidam</span> 
     </span>
     <span class='ocr_line' id='line_1_8' title="bbox 262 776 1612 829; baseline -0.001 -12"><span class='ocrx_word' id='word_1_65' title='bbox 262 781 555 818; x_wconf 74' lang='lat' dir='ltr'><em>vehementem</em></span> <span class='ocrx_word' id='word_1_66' title='bbox 584 782 623 818; x_wconf 81' lang='lat' dir='ltr'>et</span> <span class='ocrx_word' id='word_1_67' title='bbox 648 781 840 829; x_wconf 62' lang='lat' dir='ltr'><em>peri&#39;euli</em></span> <span class='ocrx_word' id='word_1_68' title='bbox 867 781 1046 829; x_wconf 73' lang='lat' dir='ltr'>plenam</span> <span class='ocrx_word' id='word_1_69' title='bbox 1077 780 1364 817; x_wconf 71' lang='lat' dir='ltr'>tentationem</span> <span class='ocrx_word' id='word_1_70' title='bbox 1393 776 1612 828; x_wconf 63' lang='lat' dir='ltr'>supernis.</span> 
     </span>
     <span class='ocr_line' id='line_1_9' title="bbox 370 841 1372 893; baseline -0.003 -11"><span class='ocrx_word' id='word_1_71' title='bbox 370 843 432 882; x_wconf 91' lang='lat' dir='ltr'><em>De</em></span> <span class='ocrx_word' id='word_1_72' title='bbox 462 843 640 882; x_wconf 85' lang='lat' dir='ltr'>Ferrara</span> <span class='ocrx_word' id='word_1_73' title='bbox 671 843 702 882; x_wconf 93' lang='lat' dir='ltr'>il</span> <span class='ocrx_word' id='word_1_74' title='bbox 733 843 873 893; x_wconf 84' lang='lat' dir='ltr'>primo</span> <span class='ocrx_word' id='word_1_75' title='bbox 903 843 955 881; x_wconf 87' lang='lat' dir='ltr'><em>de</em></span> <span class='ocrx_word' id='word_1_76' title='bbox 985 842 1226 882; x_wconf 81' lang='lat' dir='ltr'>Settembre</span> <span class='ocrx_word' id='word_1_77' title='bbox 1258 841 1372 880; x_wconf 77' lang='lat'>1561.</span> 
     </span>
    </p>
   </div>
   <div class='ocr_carea' id='block_1_3' title="bbox 1028 1129 1126 1178">
    <p class='ocr_par' dir='ltr' id='par_1_3' title="bbox 1028 1129 1126 1178">
     <span class='ocr_line' id='line_1_10' title="bbox 1028 1129 1126 1178; baseline -0.01 0"><span class='ocrx_word' id='word_1_78' title='bbox 1028 1129 1126 1178; x_wconf 89' lang='grc'>561</span> 
     </span>
    </p>
   </div>
   <div class='ocr_carea' id='block_1_4' title="bbox 656 1293 1482 1344">
    <p class='ocr_par' dir='ltr' id='par_1_4' title="bbox 656 1293 1482 1344">
     <span class='ocr_line' id='line_1_11' title="bbox 656 1293 1482 1344; baseline -0.002 0"><span class='ocrx_word' id='word_1_79' title='bbox 656 1294 963 1344; x_wconf 78' lang='lat' dir='ltr'>MlCl-IAEL</span> <span class='ocrx_word' id='word_1_80' title='bbox 1015 1293 1482 1344; x_wconf 69' lang='lat' dir='ltr'>LAURETANUS</span> 
     </span>
    </p>
   </div>
   <div class='ocr_carea' id='block_1_5' title="bbox 726 1430 1432 1467">
    <p class='ocr_par' dir='ltr' id='par_1_5' title="bbox 726 1430 1432 1467">
     <span class='ocr_line' id='line_1_12' title="bbox 726 1430 1432 1467; baseline -0.003 0"><span class='ocrx_word' id='word_1_81' title='bbox 726 1442 944 1467; x_wconf 79' lang='lat' dir='ltr'>FOROLIVIO</span> <span class='ocrx_word' id='word_1_82' title='bbox 973 1432 989 1466; x_wconf 77' lang='lat'>1</span> <span class='ocrx_word' id='word_1_83' title='bbox 1018 1440 1265 1467; x_wconf 74' lang='lat' dir='ltr'>SEPTEMBRIS</span> <span class='ocrx_word' id='word_1_84' title='bbox 1296 1430 1381 1466; x_wconf 72' lang='lat'>1561</span> <span class='ocrx_word' id='word_1_85' title='bbox 1410 1431 1432 1466; x_wconf 78' lang='lat'>1.</span> 
     </span>
    </p>
   </div>
   <div class='ocr_carea' id='block_1_6' title="bbox 268 1575 1893 2015">
    <p class='ocr_par' dir='ltr' id='par_1_6' title="bbox 268 1575 1893 2015">
     <span class='ocr_line' id='line_1_13' title="bbox 268 1575 1889 1625; baseline -0.001 -11"><span class='ocrx_word' id='word_1_86' title='bbox 268 1580 305 1615; x_wconf 87' lang='lat'>1.</span> <span class='ocrx_word' id='word_1_87' title='bbox 337 1576 568 1616; x_wconf 75' lang='lat' dir='ltr'>Sociorum</span> <span class='ocrx_word' id='word_1_88' title='bbox 611 1588 841 1615; x_wconf 64' lang='lat' dir='ltr'>meinerus.</span> <span class='ocrx_word' id='word_1_89' title='bbox 892 1576 1065 1625; x_wconf 74' lang='lat' dir='ltr'>Optima</span> <span class='ocrx_word' id='word_1_90' title='bbox 1109 1575 1327 1614; x_wconf 75' lang='lat' dir='ltr'><em>valetudo.</em></span> <span class='ocrx_word' id='word_1_91' title='bbox 1366 1575 1488 1624; x_wconf 62' lang='lat' dir='ltr'><em>Viget</em></span> <span class='ocrx_word' id='word_1_92' title='bbox 1517 1575 1730 1625; x_wconf 65' lang='lat' dir='ltr'>religiosa</span> <span class='ocrx_word' id='word_1_93' title='bbox 1759 1575 1889 1613; x_wconf 81' lang='lat' dir='ltr'>disci-</span> 
     </span>
     <span class='ocr_line' id='line_1_14' title="bbox 369 1640 1888 1692; baseline -0.001 -13"><span class='ocrx_word' id='word_1_94' title='bbox 369 1642 516 1692; x_wconf 75' lang='lat' dir='ltr'>plina.</span> <span class='ocrx_word' id='word_1_95' title='bbox 540 1663 591 1667; x_wconf 82' lang='lat'>—-</span> <span class='ocrx_word' id='word_1_96' title='bbox 612 1644 653 1679; x_wconf 85' lang='lat'>2.</span> <span class='ocrx_word' id='word_1_97' title='bbox 685 1640 801 1680; x_wconf 83' lang='lat' dir='ltr'>Socii</span> <span class='ocrx_word' id='word_1_98' title='bbox 822 1643 870 1679; x_wconf 62' lang='lat' dir='ltr'>m</span> <span class='ocrx_word' id='word_1_99' title='bbox 897 1642 1212 1690; x_wconf 73' lang='lat' dir='ltr'>proximorum</span> <span class='ocrx_word' id='word_1_100' title='bbox 1244 1641 1470 1678; x_wconf 60' lang='lat' dir='ltr'>(aemilium</span> <span class='ocrx_word' id='word_1_101' title='bbox 1490 1652 1582 1678; x_wconf 87' lang='lat' dir='ltr'><em>sese</em></span> <span class='ocrx_word' id='word_1_102' title='bbox 1611 1640 1888 1690; x_wconf 74' lang='lat' dir='ltr'>impendunt.</span> 
     </span>
     <span class='ocr_line' id='line_1_15' title="bbox 376 1705 1891 1755; baseline -0.001 -11"><span class='ocrx_word' id='word_1_103' title='bbox 376 1728 426 1732; x_wconf 89' lang='lat'>—-</span> <span class='ocrx_word' id='word_1_104' title='bbox 457 1710 499 1744; x_wconf 88' lang='grc'>3.</span> <span class='ocrx_word' id='word_1_105' title='bbox 533 1706 750 1755; x_wconf 81' lang='lat' dir='ltr'><em>Difficiles</em></span> <span class='ocrx_word' id='word_1_106' title='bbox 788 1718 920 1755; x_wconf 77' lang='lat' dir='ltr'><em>paces</em></span> <span class='ocrx_word' id='word_1_107' title='bbox 963 1706 1305 1755; x_wconf 70' lang='lat' dir='ltr'>componuntur.</span> <span class='ocrx_word' id='word_1_108' title='bbox 1351 1727 1402 1731; x_wconf 79' lang='lat'><strong>—</strong></span> <span class='ocrx_word' id='word_1_109' title='bbox 1443 1709 1487 1743; x_wconf 80' lang='lat'>4.</span> <span class='ocrx_word' id='word_1_110' title='bbox 1535 1705 1670 1744; x_wconf 82' lang='lat' dir='ltr'>Orbae</span> <span class='ocrx_word' id='word_1_111' title='bbox 1710 1705 1891 1754; x_wconf 76' lang='lat' dir='ltr'><em>puellae</em></span> 
     </span>
     <span class='ocr_line' id='line_1_16' title="bbox 376 1770 1892 1819; baseline 0 -11"><span class='ocrx_word' id='word_1_112' title='bbox 376 1783 520 1810; x_wconf 82' lang='lat' dir='ltr'>mores</span> <span class='ocrx_word' id='word_1_113' title='bbox 549 1773 597 1809; x_wconf 77' lang='lat' dir='ltr'>in</span> <span class='ocrx_word' id='word_1_114' title='bbox 640 1771 801 1809; x_wconf 75' lang='lat' dir='ltr'><em>melius</em></span> <span class='ocrx_word' id='word_1_115' title='bbox 830 1771 1021 1809; x_wconf 75' lang='lat' dir='ltr'>mutant.</span> <span class='ocrx_word' id='word_1_116' title='bbox 1054 1792 1104 1796; x_wconf 89' lang='lat'>—</span> <span class='ocrx_word' id='word_1_117' title='bbox 1134 1774 1174 1808; x_wconf 89' lang='grc'>5.</span> <span class='ocrx_word' id='word_1_118' title='bbox 1216 1770 1293 1808; x_wconf 87' lang='lat' dir='ltr'>Vir</span> <span class='ocrx_word' id='word_1_119' title='bbox 1329 1771 1524 1809; x_wconf 76' lang='lat' dir='ltr'>eoetremo</span> <span class='ocrx_word' id='word_1_120' title='bbox 1554 1770 1770 1819; x_wconf 73' lang='lat' dir='ltr'><em>supplicio</em></span> <span class='ocrx_word' id='word_1_121' title='bbox 1801 1770 1892 1819; x_wconf 80' lang='lat' dir='ltr'>affi-</span> 
     </span>
     <span class='ocr_line' id='line_1_17' title="bbox 377 1835 1892 1885; baseline -0.001 -11"><span class='ocrx_word' id='word_1_122' title='bbox 377 1836 558 1874; x_wconf 74' lang='lat' dir='ltr'><em>ciendus</em></span> <span class='ocrx_word' id='word_1_123' title='bbox 601 1837 836 1885; x_wconf 74' lang='lat' dir='ltr'><em>resipiscit.</em></span> <span class='ocrx_word' id='word_1_124' title='bbox 871 1857 918 1861; x_wconf 90' lang='lat'>-—</span> <span class='ocrx_word' id='word_1_125' title='bbox 950 1839 990 1873; x_wconf 89' lang='lat'>6.</span> <span class='ocrx_word' id='word_1_126' title='bbox 1020 1836 1138 1873; x_wconf 89' lang='lat' dir='ltr'><em>Iocis</em></span> <span class='ocrx_word' id='word_1_127' title='bbox 1176 1835 1424 1873; x_wconf 72' lang='lat' dir='ltr'><em>inhonestis</em></span> <span class='ocrx_word' id='word_1_128' title='bbox 1461 1835 1643 1883; x_wconf 80' lang='lat' dir='ltr'>relictis,</span> <span class='ocrx_word' id='word_1_129' title='bbox 1681 1835 1795 1884; x_wconf 80' lang='lat' dir='ltr'><em>festa</em></span> <span class='ocrx_word' id='word_1_130' title='bbox 1818 1836 1892 1884; x_wconf 75' lang='lat' dir='ltr'><em>pie</em></span> 
     </span>
     <span class='ocr_line' id='line_1_18' title="bbox 378 1899 1893 1949; baseline -0.001 -10"><span class='ocrx_word' id='word_1_131' title='bbox 378 1901 671 1939; x_wconf 60' lang='lat' dir='ltr'>celebrantur.</span> <span class='ocrx_word' id='word_1_132' title='bbox 703 1922 753 1927; x_wconf 89' lang='lat'>—</span> <span class='ocrx_word' id='word_1_133' title='bbox 785 1904 825 1938; x_wconf 87' lang='grc'>7.</span> <span class='ocrx_word' id='word_1_134' title='bbox 855 1900 1028 1938; x_wconf 83' lang='lat' dir='ltr'><em>Nobilis</em></span> <span class='ocrx_word' id='word_1_135' title='bbox 1069 1900 1221 1949; x_wconf 77' lang='lat' dir='ltr'><em>puella</em></span> <span class='ocrx_word' id='word_1_136' title='bbox 1250 1912 1276 1938; x_wconf 81' lang='lat' dir='ltr'><em>a</em></span> <span class='ocrx_word' id='word_1_137' title='bbox 1306 1900 1506 1949; x_wconf 64' lang='lat' dir='ltr'>maligno</span> <span class='ocrx_word' id='word_1_138' title='bbox 1540 1899 1707 1949; x_wconf 73' lang='lat' dir='ltr'>spiritu</span> <span class='ocrx_word' id='word_1_139' title='bbox 1738 1899 1893 1938; x_wconf 81' lang='lat' dir='ltr'><em>libera-</em></span> 
     </span>
     <span class='ocr_line' id='line_1_19' title="bbox 380 1965 1435 2015; baseline -0.002 -11"><span class='ocrx_word' id='word_1_140' title='bbox 380 1967 468 2004; x_wconf 76' lang='lat' dir='ltr'>tur.</span> <span class='ocrx_word' id='word_1_141' title='bbox 502 1988 551 1992; x_wconf 50' lang='lat'>*—</span> <span class='ocrx_word' id='word_1_142' title='bbox 581 1970 625 2005; x_wconf 87' lang='lat'>8.</span> <span class='ocrx_word' id='word_1_143' title='bbox 656 1966 930 2015; x_wconf 77' lang='lat' dir='ltr'><em>Desperatus</em></span> <span class='ocrx_word' id='word_1_144' title='bbox 958 1966 1085 2003; x_wconf 82' lang='lat' dir='ltr'>homo</span> <span class='ocrx_word' id='word_1_145' title='bbox 1117 1965 1174 2003; x_wconf 82' lang='lat' dir='ltr'>ad</span> <span class='ocrx_word' id='word_1_146' title='bbox 1204 1978 1278 2004; x_wconf 84' lang='lat' dir='ltr'>cor</span> <span class='ocrx_word' id='word_1_147' title='bbox 1306 1965 1435 2003; x_wconf 74' lang='lat' dir='ltr'>redit.</span> 
     </span>
    </p>
   </div>
   <div class='ocr_carea' id='block_1_7' title="bbox 274 2103 1900 2797">
    <p class='ocr_par' dir='ltr' id='par_1_7' title="bbox 274 2103 1900 2797">
     <span class='ocr_line' id='line_1_20' title="bbox 356 2103 1892 2157; baseline -0.001 -12"><span class='ocrx_word' id='word_1_148' title='bbox 356 2107 391 2146; x_wconf 90' lang='lat'>1.</span> <span class='ocrx_word' id='word_1_149' title='bbox 424 2108 453 2157; x_wconf 60' lang='grc' dir='ltr'>ἦ·</span> <span class='ocrx_word' id='word_1_150' title='bbox 483 2106 575 2145; x_wconf 82' lang='lat' dir='ltr'>Pax</span> <span class='ocrx_word' id='word_1_151' title='bbox 604 2106 705 2156; x_wconf 88' lang='lat' dir='ltr'>Xpi.</span> <span class='ocrx_word' id='word_1_152' title='bbox 729 2107 808 2145; x_wconf 83' lang='lat' dir='ltr'>eto.</span> <span class='ocrx_word' id='word_1_153' title='bbox 842 2106 976 2145; x_wconf 90' lang='lat' dir='ltr'>Molto</span> <span class='ocrx_word' id='word_1_154' title='bbox 1007 2105 1103 2145; x_wconf 76' lang='lat' dir='ltr'>R.d0</span> <span class='ocrx_word' id='word_1_155' title='bbox 1136 2106 1183 2144; x_wconf 91' lang='lat' dir='ltr'>in</span> <span class='ocrx_word' id='word_1_156' title='bbox 1214 2105 1291 2145; x_wconf 87' lang='lat' dir='ltr'>X.⁰</span> <span class='ocrx_word' id='word_1_157' title='bbox 1326 2105 1421 2145; x_wconf 83' lang='lat' dir='ltr'>Pre.</span> <span class='ocrx_word' id='word_1_158' title='bbox 1464 2104 1646 2156; x_wconf 83' lang='lat' dir='ltr'>[Scribet</span> <span class='ocrx_word' id='word_1_159' title='bbox 1676 2103 1892 2155; x_wconf 61' lang='lat' dir='ltr'>breviter]</span> 
     </span>
     <span class='ocr_line' id='line_1_21' title="bbox 274 2168 1895 2222; baseline -0.002 -11"><span class='ocrx_word' id='word_1_160' title='bbox 274 2172 327 2211; x_wconf 81' lang='lat' dir='ltr'>Et</span> <span class='ocrx_word' id='word_1_161' title='bbox 357 2184 432 2222; x_wconf 84' lang='lat' dir='ltr'>per</span> <span class='ocrx_word' id='word_1_162' title='bbox 461 2171 761 2211; x_wconf 76' lang='lat' dir='ltr'>comminoiar&#39;</span> <span class='ocrx_word' id='word_1_163' title='bbox 794 2170 901 2210; x_wconf 89' lang='lat' dir='ltr'>dalli</span> <span class='ocrx_word' id='word_1_164' title='bbox 941 2170 1096 2218; x_wconf 75' lang='lat' dir='ltr'>nostri,</span> <span class='ocrx_word' id='word_1_165' title='bbox 1129 2170 1160 2210; x_wconf 91' lang='lat' dir='ltr'>li</span> <span class='ocrx_word' id='word_1_166' title='bbox 1203 2170 1325 2221; x_wconf 88' lang='lat' dir='ltr'>quali</span> <span class='ocrx_word' id='word_1_167' title='bbox 1369 2181 1512 2209; x_wconf 91' lang='lat' dir='ltr'>sonno</span> <span class='ocrx_word' id='word_1_168' title='bbox 1543 2170 1604 2218; x_wconf 85' lang='lat'>13,</span> <span class='ocrx_word' id='word_1_169' title='bbox 1636 2180 1712 2220; x_wconf 86' lang='lat' dir='ltr'>per</span> <span class='ocrx_word' id='word_1_170' title='bbox 1753 2168 1895 2220; x_wconf 77' lang='lat' dir='ltr'>gratia</span> 
     </span>
     <span class='ocr_line' id='line_1_22' title="bbox 274 2234 1895 2286; baseline -0.002 -9"><span class='ocrx_word' id='word_1_171' title='bbox 274 2237 319 2277; x_wconf 88' lang='lat' dir='ltr'>di</span> <span class='ocrx_word' id='word_1_172' title='bbox 349 2237 432 2276; x_wconf 92' lang='lat' dir='ltr'>Dio</span> <span class='ocrx_word' id='word_1_173' title='bbox 474 2238 516 2276; x_wconf 86' lang='lat' dir='ltr'>et</span> <span class='ocrx_word' id='word_1_174' title='bbox 549 2236 684 2275; x_wconf 77' lang='lat' dir='ltr'>bonta</span> <span class='ocrx_word' id='word_1_175' title='bbox 726 2235 770 2274; x_wconf 92' lang='lat' dir='ltr'>di</span> <span class='ocrx_word' id='word_1_176' title='bbox 813 2237 969 2286; x_wconf 86' lang='lat' dir='ltr'>questo</span> <span class='ocrx_word' id='word_1_177' title='bbox 1011 2247 1124 2283; x_wconf 82' lang='lat' dir='ltr'>aere,</span> <span class='ocrx_word' id='word_1_178' title='bbox 1157 2237 1194 2274; x_wconf 88' lang='lat' dir='ltr'>si</span> <span class='ocrx_word' id='word_1_179' title='bbox 1224 2247 1346 2274; x_wconf 83' lang='lat' dir='ltr'>oome</span> <span class='ocrx_word' id='word_1_180' title='bbox 1388 2246 1464 2286; x_wconf 84' lang='lat' dir='ltr'>per</span> <span class='ocrx_word' id='word_1_181' title='bbox 1506 2234 1538 2274; x_wconf 89' lang='lat' dir='ltr'>il</span> <span class='ocrx_word' id='word_1_182' title='bbox 1581 2235 1773 2285; x_wconf 85' lang='lat' dir='ltr'>passato,</span> <span class='ocrx_word' id='word_1_183' title='bbox 1804 2235 1895 2273; x_wconf 83' lang='lat' dir='ltr'>cosi</span> 
     </span>
     <span class='ocr_line' id='line_1_23' title="bbox 275 2298 1897 2351; baseline -0.002 -10"><span class='ocrx_word' id='word_1_184' title='bbox 275 2302 432 2342; x_wconf 88' lang='lat' dir='ltr'>adesso</span> <span class='ocrx_word' id='word_1_185' title='bbox 475 2301 513 2340; x_wconf 91' lang='lat' dir='ltr'>si</span> <span class='ocrx_word' id='word_1_186' title='bbox 557 2301 784 2340; x_wconf 86' lang='lat' dir='ltr'>ritrouano</span> <span class='ocrx_word' id='word_1_187' title='bbox 817 2300 921 2339; x_wconf 83' lang='lat' dir='ltr'>tutti</span> <span class='ocrx_word' id='word_1_188' title='bbox 966 2300 1209 2350; x_wconf 80' lang='lat' dir='ltr'>sanissimi,</span> <span class='ocrx_word' id='word_1_189' title='bbox 1241 2312 1318 2351; x_wconf 87' lang='lat' dir='ltr'>per</span> <span class='ocrx_word' id='word_1_190' title='bbox 1360 2300 1391 2339; x_wconf 91' lang='lat' dir='ltr'>il</span> <span class='ocrx_word' id='word_1_191' title='bbox 1433 2300 1513 2339; x_wconf 81' lang='lat' dir='ltr'><em>che</em></span> <span class='ocrx_word' id='word_1_192' title='bbox 1542 2311 1673 2339; x_wconf 86' lang='lat' dir='ltr'>senza</span> <span class='ocrx_word' id='word_1_193' title='bbox 1715 2298 1897 2349; x_wconf 87' lang='lat' dir='ltr'>impedi-</span> 
     </span>
     <span class='ocr_line' id='line_1_24' title="bbox 275 2363 1898 2416; baseline -0.002 -10"><span class='ocrx_word' id='word_1_194' title='bbox 275 2369 424 2406; x_wconf 84' lang='lat' dir='ltr'>mento</span> <span class='ocrx_word' id='word_1_195' title='bbox 457 2366 632 2414; x_wconf 84' lang='lat' dir='ltr'>alcuno,</span> <span class='ocrx_word' id='word_1_196' title='bbox 662 2365 765 2405; x_wconf 84' lang='lat' dir='ltr'>tutti</span> <span class='ocrx_word' id='word_1_197' title='bbox 808 2377 891 2404; x_wconf 85' lang='lat' dir='ltr'>eon</span> <span class='ocrx_word' id='word_1_198' title='bbox 920 2365 1044 2416; x_wconf 80' lang='lat' dir='ltr'>gran&#39;</span> <span class='ocrx_word' id='word_1_199' title='bbox 1077 2365 1295 2413; x_wconf 72' lang='lat' dir='ltr'>diligenza</span> <span class='ocrx_word' id='word_1_200' title='bbox 1324 2377 1371 2404; x_wconf 92' lang='lat' dir='ltr'><em>se</em></span> <span class='ocrx_word' id='word_1_201' title='bbox 1399 2365 1547 2404; x_wconf 70' lang='lat' dir='ltr'>danno</span> <span class='ocrx_word' id='word_1_202' title='bbox 1577 2364 1664 2403; x_wconf 90' lang='lat' dir='ltr'>alla</span> <span class='ocrx_word' id='word_1_203' title='bbox 1693 2375 1798 2403; x_wconf 82' lang='lat' dir='ltr'>eura</span> <span class='ocrx_word' id='word_1_204' title='bbox 1827 2363 1898 2403; x_wconf 91' lang='lat' dir='ltr'><em>de-</em></span> 
     </span>
     <span class='ocr_line' id='line_1_25' title="bbox 276 2429 1897 2480; baseline -0.002 -9"><span class='ocrx_word' id='word_1_205' title='bbox 276 2432 305 2472; x_wconf 88' lang='lat' dir='ltr'>l&#39;</span> <span class='ocrx_word' id='word_1_206' title='bbox 320 2432 484 2479; x_wconf 74' lang='lat' dir='ltr'>anima,</span> <span class='ocrx_word' id='word_1_207' title='bbox 517 2431 840 2470; x_wconf 83' lang='lat' dir='ltr'>manifestando</span> <span class='ocrx_word' id='word_1_208' title='bbox 861 2430 929 2470; x_wconf 81' lang='lat' dir='ltr'>cio</span> <span class='ocrx_word' id='word_1_209' title='bbox 950 2430 1067 2469; x_wconf 88' lang='lat' dir='ltr'>nella</span> <span class='ocrx_word' id='word_1_210' title='bbox 1087 2431 1359 2469; x_wconf 83' lang='lat' dir='ltr'>obseruanza</span> <span class='ocrx_word' id='word_1_211' title='bbox 1379 2429 1493 2469; x_wconf 91' lang='lat' dir='ltr'><em>delle</em></span> <span class='ocrx_word' id='word_1_212' title='bbox 1513 2429 1658 2480; x_wconf 82' lang='lat' dir='ltr'>regole</span> <span class='ocrx_word' id='word_1_213' title='bbox 1678 2430 1720 2468; x_wconf 89' lang='lat' dir='ltr'>et</span> <span class='ocrx_word' id='word_1_214' title='bbox 1749 2429 1897 2468; x_wconf 87' lang='lat' dir='ltr'>buono</span> 
     </span>
     <span class='ocr_line' id='line_1_26' title="bbox 277 2493 1899 2547; baseline -0.002 -11"><span class='ocrx_word' id='word_1_215' title='bbox 277 2496 510 2547; x_wconf 82' lang='lat' dir='ltr'>procedere</span> <span class='ocrx_word' id='word_1_216' title='bbox 538 2495 657 2535; x_wconf 86' lang='lat' dir='ltr'>nella</span> <span class='ocrx_word' id='word_1_217' title='bbox 687 2495 760 2535; x_wconf 86' lang='lat' dir='ltr'>uia</span> <span class='ocrx_word' id='word_1_218' title='bbox 789 2495 859 2534; x_wconf 90' lang='lat' dir='ltr'>del</span> <span class='ocrx_word' id='word_1_219' title='bbox 888 2495 1072 2534; x_wconf 88' lang='lat' dir='ltr'>seruitio</span> <span class='ocrx_word' id='word_1_220' title='bbox 1100 2494 1256 2534; x_wconf 90' lang='lat' dir='ltr'>diuino</span> <span class='ocrx_word' id='word_1_221' title='bbox 1285 2494 1476 2534; x_wconf 81' lang='lat' dir='ltr'>secondo</span> <span class='ocrx_word' id='word_1_222' title='bbox 1505 2494 1533 2533; x_wconf 95' lang='grc'>1’</span> <span class='ocrx_word' id='word_1_223' title='bbox 1549 2493 1753 2533; x_wconf 82' lang='lat' dir='ltr'>instituto</span> <span class='ocrx_word' id='word_1_224' title='bbox 1782 2493 1899 2532; x_wconf 84' lang='lat' dir='ltr'>della</span> 
     </span>
     <span class='ocr_line' id='line_1_27' title="bbox 278 2557 1898 2612; baseline -0.002 -11"><span class='ocrx_word' id='word_1_225' title='bbox 278 2561 552 2612; x_wconf 84' lang='lat' dir='ltr'>Compagnia</span> <span class='ocrx_word' id='word_1_226' title='bbox 580 2572 664 2600; x_wconf 83' lang='lat' dir='ltr'>eon</span> <span class='ocrx_word' id='word_1_227' title='bbox 692 2559 897 2611; x_wconf 89' lang='lat' dir='ltr'>desiderij</span> <span class='ocrx_word' id='word_1_228' title='bbox 934 2559 978 2599; x_wconf 94' lang='lat' dir='ltr'>di</span> <span class='ocrx_word' id='word_1_229' title='bbox 1010 2559 1338 2598; x_wconf 79' lang='lat' dir='ltr'>mortificationi</span> <span class='ocrx_word' id='word_1_230' title='bbox 1381 2560 1424 2598; x_wconf 87' lang='lat' dir='ltr'>et</span> <span class='ocrx_word' id='word_1_231' title='bbox 1466 2557 1827 2610; x_wconf 78' lang='lat' dir='ltr'>peregrinationi,</span> <span class='ocrx_word' id='word_1_232' title='bbox 1859 2557 1898 2597; x_wconf 92' lang='lat' dir='ltr'><em>le</em></span> 
     </span>
     <span class='ocr_line' id='line_1_28' title="bbox 278 2622 1899 2678; baseline -0.002 -12"><span class='ocrx_word' id='word_1_233' title='bbox 278 2626 401 2678; x_wconf 85' lang='lat' dir='ltr'>quali</span> <span class='ocrx_word' id='word_1_234' title='bbox 444 2626 784 2665; x_wconf 84' lang='lat' dir='ltr'>instantemente</span> <span class='ocrx_word' id='word_1_235' title='bbox 822 2624 1106 2663; x_wconf 88' lang='lat' dir='ltr'>dimandano.</span> <span class='ocrx_word' id='word_1_236' title='bbox 1152 2624 1542 2664; x_wconf 81' lang='lat' dir='ltr'>Partieolarmente</span> <span class='ocrx_word' id='word_1_237' title='bbox 1583 2634 1666 2663; x_wconf 83' lang='lat' dir='ltr'>con</span> <span class='ocrx_word' id='word_1_238' title='bbox 1708 2622 1736 2662; x_wconf 91' lang='lat' dir='ltr'>l’</span> <span class='ocrx_word' id='word_1_239' title='bbox 1751 2634 1899 2662; x_wconf 84' lang='lat' dir='ltr'>amore</span> 
     </span>
     <span class='ocr_line' id='line_1_29' title="bbox 278 2687 1900 2739; baseline -0.002 -8"><span class='ocrx_word' id='word_1_240' title='bbox 278 2693 320 2731; x_wconf 92' lang='lat' dir='ltr'>et</span> <span class='ocrx_word' id='word_1_241' title='bbox 362 2691 556 2730; x_wconf 88' lang='lat' dir='ltr'>fraterna</span> <span class='ocrx_word' id='word_1_242' title='bbox 584 2689 753 2730; x_wconf 74' lang='lat' dir='ltr'>charita</span> <span class='ocrx_word' id='word_1_243' title='bbox 773 2689 1078 2728; x_wconf 86' lang='lat' dir='ltr'>dimostrando</span> <span class='ocrx_word' id='word_1_244' title='bbox 1108 2689 1299 2728; x_wconf 85' lang='lat' dir='ltr'>l&#39;amore</span> <span class='ocrx_word' id='word_1_245' title='bbox 1323 2691 1365 2728; x_wconf 87' lang='lat' dir='ltr'>et</span> <span class='ocrx_word' id='word_1_246' title='bbox 1406 2689 1556 2728; x_wconf 82' lang='lat' dir='ltr'>affetto</span> <span class='ocrx_word' id='word_1_247' title='bbox 1598 2687 1717 2739; x_wconf 84' lang='lat' dir='ltr'>qual&#39;</span> <span class='ocrx_word' id='word_1_248' title='bbox 1750 2687 1900 2726; x_wconf 87' lang='lat' dir='ltr'>hanno</span> 
     </span>
     <span class='ocr_line' id='line_1_30' title="bbox 278 2754 729 2797; baseline -0.007 0"><span class='ocrx_word' id='word_1_249' title='bbox 278 2768 410 2797; x_wconf 89' lang='lat' dir='ltr'>uerso</span> <span class='ocrx_word' id='word_1_250' title='bbox 438 2755 521 2795; x_wconf 94' lang='lat' dir='ltr'>Dio</span> <span class='ocrx_word' id='word_1_251' title='bbox 550 2755 601 2795; x_wconf 90' lang='lat' dir='ltr'>N.</span> <span class='ocrx_word' id='word_1_252' title='bbox 633 2754 729 2795; x_wconf 49' lang='grc' dir='ltr'>ΒΕΘ.</span> 
     </span>
    </p>
   </div>
   <div class='ocr_carea' id='block_1_8' title="bbox 280 2874 491 2879">
    <p class='ocr_par' dir='ltr' id='par_1_8' title="bbox 280 2874 491 2879">
     <span class='ocr_line' id='line_1_31' title="bbox 280 2874 491 2879; baseline 0 0"><span class='ocrx_word' id='word_1_253' title='bbox 280 2874 491 2879; x_wconf 95' lang='lat' dir='ltr'> </span> 
     </span>
    </p>
   </div>
   <div class='ocr_carea' id='block_1_9' title="bbox 282 2936 1902 3037">
    <p class='ocr_par' dir='ltr' id='par_1_9' title="bbox 282 2936 1902 3037">
     <span class='ocr_line' id='line_1_32' title="bbox 344 2936 1902 2982; baseline -0.004 -9"><span class='ocrx_word' id='word_1_254' title='bbox 344 2944 353 2960; x_wconf 84' lang='lat'>¹</span> <span class='ocrx_word' id='word_1_255' title='bbox 377 2941 430 2973; x_wconf 83' lang='lat' dir='ltr'>Ex</span> <span class='ocrx_word' id='word_1_256' title='bbox 453 2940 631 2982; x_wconf 83' lang='lat' dir='ltr'>originali</span> <span class='ocrx_word' id='word_1_257' title='bbox 655 2940 695 2971; x_wconf 91' lang='lat' dir='ltr'>in</span> <span class='ocrx_word' id='word_1_258' title='bbox 717 2939 795 2971; x_wconf 86' lang='lat' dir='ltr'>cod.</span> <span class='ocrx_word' id='word_1_259' title='bbox 826 2938 955 2970; x_wconf 75' lang='lat' dir='ltr'>Venet.</span> <span class='ocrx_word' id='word_1_260' title='bbox 981 2937 1062 2974; x_wconf 89' lang='grc'>100,</span> <span class='ocrx_word' id='word_1_261' title='bbox 1087 2937 1123 2970; x_wconf 89' lang='lat' dir='ltr'>ff.</span> <span class='ocrx_word' id='word_1_262' title='bbox 1139 2938 1257 2977; x_wconf 83' lang='lat'>80-81;</span> <span class='ocrx_word' id='word_1_263' title='bbox 1282 2938 1386 2978; x_wconf 88' lang='lat' dir='ltr'>prius</span> <span class='ocrx_word' id='word_1_264' title='bbox 1408 2937 1556 2970; x_wconf 76' lang='lat'>334-335.</span> <span class='ocrx_word' id='word_1_265' title='bbox 1580 2936 1757 2977; x_wconf 75' lang='lat' dir='ltr'>Sequitur</span> <span class='ocrx_word' id='word_1_266' title='bbox 1784 2944 1902 2967; x_wconf 86' lang='lat' dir='ltr'><em>exem-</em></span> 
     </span>
     <span class='ocr_line' id='line_1_33' title="bbox 282 2988 1899 3037; baseline -0.004 -10"><span class='ocrx_word' id='word_1_267' title='bbox 282 2995 384 3037; x_wconf 88' lang='lat' dir='ltr'>plum</span> <span class='ocrx_word' id='word_1_268' title='bbox 406 2994 566 3027; x_wconf 84' lang='lat' dir='ltr'>latinum</span> <span class='ocrx_word' id='word_1_269' title='bbox 590 2993 629 3025; x_wconf 91' lang='lat' dir='ltr'>in</span> <span class='ocrx_word' id='word_1_270' title='bbox 650 2992 686 3025; x_wconf 86' lang='lat' dir='ltr'>ff.</span> <span class='ocrx_word' id='word_1_271' title='bbox 711 2992 818 3025; x_wconf 53' lang='lat'>8283.</span> <span class='ocrx_word' id='word_1_272' title='bbox 843 2991 973 3023; x_wconf 84' lang='lat' dir='ltr'>Exstat</span> <span class='ocrx_word' id='word_1_273' title='bbox 996 3000 1120 3032; x_wconf 85' lang='lat' dir='ltr'>apogr.</span> <span class='ocrx_word' id='word_1_274' title='bbox 1146 2991 1185 3022; x_wconf 89' lang='lat' dir='ltr'>in</span> <span class='ocrx_word' id='word_1_275' title='bbox 1209 2990 1348 3023; x_wconf 82' lang='lat' dir='ltr'>archiv.</span> <span class='ocrx_word' id='word_1_276' title='bbox 1366 2990 1547 3023; x_wconf 82' lang='lat' dir='ltr'>colonien.</span> <span class='ocrx_word' id='word_1_277' title='bbox 1565 2989 1728 3028; x_wconf 74' lang='grc' dir='ltr'><strong>ΗΑΝεΕΝ,</strong></span> <span class='ocrx_word' id='word_1_278' title='bbox 1745 2989 1768 3021; x_wconf 94' lang='lat' dir='ltr'>l.</span> <span class='ocrx_word' id='word_1_279' title='bbox 1783 2997 1814 3021; x_wconf 82' lang='lat' dir='ltr'>c.</span> <span class='ocrx_word' id='word_1_280' title='bbox 1828 2988 1899 3020; x_wconf 88' lang='lat'>766.</span> 
     </span>
    </p>
   </div>
  </div>
 </body>
</html>
