2028 3531
336 262 405 299 472
805 262 1008 299 Liri-Emi:
1041 262 1386 306 QuAnnfflnsrnEs

290 383 458 421 stanter
485 381 750 433 quaerendo.
783 380 988 421 Sedulam
1028 379 1202 418 interim
1233 376 1483 428 superiores
1512 378 1682 416 nauant
1710 387 1905 427 operam,

292 448 337 485 vt
365 446 411 485 in
440 445 596 497 officiis
625 445 940 485 humilioribus
959 455 1113 483 omnes
1133 442 1402 488 contineant,
1426 442 1468 480 et
1487 440 1718 491 explorent
1747 452 1905 488 mores,

291 510 567 561 diligentiam
597 510 979 560 constantiamque
1008 507 1285 558 singulorum
1317 505 1362 544 in
1393 506 1566 556 arrepto
1602 504 1716 544 vitae
1751 516 1908 555 propo-

291 575 392 622 sito.
425 587 530 614 num
573 574 740 614 scilicet
783 573 968 625 praediti
1011 573 1101 611 sint
1144 572 1198 622 ijs
1241 570 1435 617 dotibus,
1469 581 1581 620 quas
1619 569 1727 609 haec
1756 570 1909 608 sancta

292 639 487 680 Societas
516 650 792 689 summopere
821 638 1053 677 desiderat.

370 705 408 744 εἰ.
442 704 497 744 Vt
527 716 631 744 uero
660 704 712 743 ad
745 706 947 743 uotorum
978 701 1351 752 adimpletionem,
1382 699 1437 738 ad
1467 698 1697 739 charitatis
1726 697 1907 737 diuinae

292 772 334 809 et
363 770 579 809 fraternae
612 768 933 819 perfectionem,
955 766 1202 817 expeditius
1224 764 1447 816 possimus
1470 763 1732 815 pertingere,
1764 762 1911 802 solent

293 834 542 885 superiores
572 833 709 873 nostri
739 832 1029 872 saluberrima
1074 831 1202 870 nobis
1243 829 1459 880 quaedam
1493 830 1536 868 et
1563 826 1910 879 compendiosis-

293 898 420 945 sima,
442 898 682 949 eademque
710 909 762 936 ex
791 896 957 936 sanctis
980 895 1184 935 Patribus
1204 894 1451 943 desumpta.
1483 903 1726 943 proponere
1756 890 1911 930 incita-

294 965 454 1008 menta.
485 962 649 1014 quibus
677 962 799 1001 horis
828 964 869 1001 et
897 961 1025 1012 quasi
1062 958 1294 998 momentis
1319 957 1511 1009 singulis
1532 958 1755 997 fructuose
1782 966 1910 995 occu·

294 1027 388 1078 pari
418 1039 500 1067 nos
529 1027 700 1074 deceat;
732 1029 774 1066 et
802 1027 1015 1065 hactenus
1053 1024 1229 1075 quidem
1276 1035 1365 1062 non
1393 1023 1490 1062 sine
1519 1021 1695 1072 egregio
1726 1019 1912 1071 spiritus

293 1091 589 1131 emolumento
620 1092 703 1131 ista
732 1091 1059 1142 amplectuntur
1086 1091 1128 1128 et
1157 1090 1381 1127 sectantur
1410 1087 1609 1138 plerique
1638 1096 1808 1125 omnes.
1842 1084 1911 1124 Ad

294 1156 416 1202 haec,
449 1156 494 1195 in
531 1168 649 1195 more
682 1156 799 1207 apud
821 1167 902 1194 nos
924 1154 1026 1205 poni
1048 1155 1249 1204 coeptum
1271 1154 1350 1202 est,
1384 1154 1429 1191 vt
1448 1162 1561 1203 quae
1594 1150 1783 1202 quisque
1812 1160 1913 1188 nos-

294 1222 409 1260 trum
440 1233 491 1260 ex
512 1220 698 1260 lectione
727 1221 781 1259 ad
812 1231 1008 1259 mensam
1045 1218 1192 1258 habita
1215 1217 1450 1256 memoriae
1484 1215 1729 1263 mandauit,
1761 1214 1912 1253 statim

295 1298 318 1325 a
351 1286 535 1336 prandio
581 1286 714 1325 alicui
757 1285 1032 1324 sacerdotum
1078 1283 1163 1333 (cui
1207 1283 1330 1321 illius
1360 1281 1633 1332 septimanae
1662 1292 1768 1319 cura
1797 1290 1913 1318 com-

295 1350 445 1399 missa)
477 1362 622 1390 coram
653 1350 861 1389 omnibus
890 1349 1055 1395 reddat,
1080 1350 1127 1387 ut
1156 1348 1265 1387 hora
1293 1346 1494 1398 alioquin
1534 1344 1792 1385 recreationi
1821 1355 1913 1383 cor-

296 1415 436 1466 porali
465 1427 687 1462 concessa,
718 1414 892 1454 collatis
924 1413 1008 1464 pijs
1045 1412 1326 1452 sermonibus
1369 1413 1411 1450 et
1453 1410 1584 1450 bonis
1626 1408 1913 1460 conceptibus

295 1480 341 1519 in
372 1480 564 1519 medium
596 1479 793 1530 prolatis,
815 1491 914 1518 cum
937 1478 1164 1528 Vtriusque
1184 1476 1381 1516 hominis
1402 1476 1592 1515 Vtilitate
1623 1473 1910 1524 transigatur.

296 1543 412 1584 Rflsss
441 1544 574 1583 etiam
604 1545 733 1583 Pater
761 1544 918 1583 Rector
947 1545 1095 1582 noster
1124 1545 1135 1566 1
1168 1554 1257 1581 non
1287 1543 1430 1581 cessat
1458 1542 1616 1580 octauo
1637 1550 1813 1590 quoque
1842 1537 1914 1577 die

294 1609 450 1648 fratres
481 1608 583 1659 (nisi
614 1608 843 1659 legittimis
872 1607 1136 1647 distineatur
1164 1605 1508 1656 impedimentis)
1531 1604 1626 1644 suis
1646 1601 1913 1643 cohortatio-

296 1673 429 1712 nibus
471 1673 525 1712 ad
568 1673 743 1712 culmen
786 1671 1066 1723 perfectionis
1108 1670 1291 1710 incitare
1329 1681 1378 1709 ac
1421 1669 1709 1708 inflammare.
1754 1667 1913 1706 Mirum

297 1740 442 1777 autem
477 1737 523 1776 in
554 1737 732 1777 modum
761 1736 934 1776 animos
962 1736 1160 1775 omnium
1192 1735 1238 1774 in
1267 1735 1350 1774 hoc
1379 1736 1532 1774 sancto
1562 1733 1678 1773 vitae
1707 1731 1914 1771 instituto

309 1802 589 1842 confirmauit
631 1813 781 1841 annua
823 1802 914 1847 illa,
946 1813 1058 1852 quae
1087 1813 1111 1840 a
1142 1801 1189 1840 P.
1223 1799 1488 1851 prouinciali
1517 1799 1532 1823 2
1569 1798 1693 1838 iuxta
1735 1796 1916 1848 regulas

297 1868 345 1907 fit
382 1867 668 1918 collegiorum
699 1867 909 1906 visitatio.
957 1866 1049 1905 Hac
1095 1866 1212 1905 enim
1262 1866 1423 1905 factum
1473 1866 1553 1911 est,
1599 1865 1645 1903 vt
1673 1874 1786 1914 quae
1820 1861 1915 1901 suis

297 1934 403 1971 sunt
448 1932 577 1983 officij
622 1932 798 1983 plenius
854 1931 1019 1982 singuli
1050 1930 1363 1981 intelligerent,
1408 1928 1606 1980 scrupuli
1648 1927 1799 1967 multis
1827 1926 1916 1966 exi-

298 1998 535 2041 merentur,
576 1995 985 2046 perturbationibus
1014 2007 1102 2034 non
1149 1994 1326 2034 leuibus
1354 1993 1561 2033 nonnulli
1605 1992 1914 2037 liberarentur,

297 2063 339 2100 et
381 2061 426 2100 in
471 2060 695 2100 meliorem
738 2060 875 2100 multa
919 2059 1117 2099 ordinem
1148 2060 1462 2111 redigerentur.

376 2126 414 2165 3.
448 2126 541 2165 Hoc
570 2125 881 2176 quadrimestri
907 2125 1018 2164 nulli
1040 2125 1086 2164 in
1107 2124 1411 2176 probationem
1432 2125 1537 2164 sunt
1556 2122 1755 2162 admissi.
1779 2122 1917 2161 Fuere

297 2191 475 2242 quidem
504 2190 711 2230 nonnulli
741 2190 816 2241 qui
846 2190 922 2229 diu
953 2190 1244 2241 multumque,
1284 2191 1328 2229 vt
1356 2191 1610 2228 nostrorum
1639 2188 1821 2238 possent
1849 2198 1916 2226 as-

298 2255 432 2295 scribi
462 2267 646 2295 numero
675 2255 981 2305 efflagitarint;
1013 2255 1089 2294 sed
1118 2255 1223 2306 quia
1256 2266 1347 2294 non
1376 2254 1614 2293 admodum
1649 2252 1919 2292 uidebantur

297 2320 352 2359 ad
382 2322 557 2360 nostrae
600 2320 716 2359 vitae
758 2320 970 2359 rationem
1014 2321 1052 2359 et
1097 2319 1466 2359 consuetudinem
1496 2317 1660 2365 idonei,
1692 2316 1916 2368 repulsam

298 2385 418 2435 passi
449 2387 566 2424 sunt.
594 2384 721 2435 Spem
745 2384 920 2423 interim
942 2395 1031 2423 non
1053 2396 1234 2434 paruam
1255 2383 1538 2434 concepimus
1567 2382 1620 2422 de
1649 2381 1917 2433 quibusdam

299 2450 548 2501 praeclarae
577 2449 743 2488 indolis
771 2450 810 2488 et
842 2461 1027 2500 magnae
1046 2448 1388 2499 exspectationis
1408 2447 1781 2494 adolescentibus,
1805 2458 1919 2498 quos

299 2513 474 2554 Christo
504 2513 550 2553 in
580 2513 662 2553 hac
691 2513 761 2553 sui
790 2513 986 2552 nominis
1015 2512 1229 2552 Societate
1259 2513 1440 2552 nomina
1465 2512 1707 2563 aliquando
1736 2511 1919 2551 daturos

300 2578 430 2629 plane
458 2577 735 2618 confidimus.
769 2577 910 2616 Affuit
952 2577 1081 2616 nobis
1123 2577 1428 2627 superioribus
1470 2577 1627 2616 diebus
1660 2575 1920 2615 adolescens

299 2643 479 2694 quidam
501 2654 590 2682 non
610 2641 956 2682 contemnendae
977 2641 1155 2688 indolis,
1179 2653 1336 2692 genere
1365 2642 1597 2689 hebraeus,
1619 2642 1662 2680 et
1686 2639 1918 2679 hebraicae

300 2707 478 2759 linguae
508 2719 597 2746 non
618 2707 815 2758 ignarus,
839 2706 956 2757 apud
976 2718 1209 2757 germanos
1230 2708 1378 2745 tamen
1398 2708 1440 2746 et
1461 2708 1593 2745 natus
1618 2707 1661 2745 et
1689 2705 1918 2745 educatus,

301 2772 383 2812 Hic
414 2774 619 2823 paternae
647 2771 855 2823 perfidiae
880 2772 1120 2822 pertaesus,
1143 2773 1244 2810 ante
1264 2770 1620 2822 quinquennium
1642 2770 1697 2809 ad
1718 2768 1917 2809 christia-

300 2849 381 2877 nos
409 2837 660 2876 clanculum
689 2835 902 2887 confugit.
934 2835 1097 2875 Verum
1127 2837 1175 2875 ut
1203 2838 1308 2875 sunt
1337 2835 1658 2875 haereticorum
1689 2834 1761 2874 hic
1789 2834 1918 2885 plena

363 2985 371 3002 ¹
395 2983 432 3016 P.
456 2982 713 3031 The-odoricus
728 2981 916 3015 Caluisius,

362 3039 374 3056 2
401 3036 434 3070 P.
459 3037 589 3069 Petrus
611 3035 798 3068 canisius.
