2028 3531
608 287 690 324 536.
720 308 762 313 —
790 286 972 323 ComeA
999 286 1022 321 4
1048 285 1153 322 Imm
1183 285 1271 321 1561
1641 286 1709 322 367

124 405 310 446 recurrit
355 406 404 446 B.
438 406 637 457 Virginis
684 406 848 446 Mariae
896 405 1133 451 festiuitas,
1183 406 1259 444 aut
1298 404 1464 455 aliquis
1494 404 1633 444 festus
1662 404 1757 444 dies

121 470 352 518 celebrior,
396 471 507 522 quin
552 471 741 522 parietes
783 471 838 510 ad
881 471 927 510 id
969 470 1172 522 apparati
1211 469 1487 509 carminibus
1517 469 1686 519 graecis
1715 471 1756 508 et

122 534 276 575 latinis
308 538 560 577 onerentur.
591 536 676 577 Sed
719 537 772 576 de
815 536 1043 584 fratribus,
1084 535 1420 575 conuictoribus
1449 536 1492 573 et
1521 533 1756 584 discipulis

122 600 353 641 hactenus,

199 666 237 706 9.
268 665 396 706 Nunc
437 679 551 718 quae
593 669 700 707 sunt
741 666 913 717 reliqua
957 666 1152 706 breuiter
1198 665 1446 717 expediam,
1488 676 1543 704 ne
1585 664 1756 704 diutius

120 743 255 782 quam
297 743 378 782 par
406 732 478 778 sit,
511 732 560 772 T.
594 733 643 773 R.
674 733 722 772 P.
755 732 991 772 detineam.
1030 732 1170 771 Paulo
1214 733 1316 771 ante
1359 731 1520 770 festum
1566 729 1756 780 paschae

121 795 208 835 huc
237 796 411 847 appulit
441 797 566 837 R.¹¹¹¹1S
596 809 703 837 suae
724 797 984 837 Sanctitatis
1013 796 1209 836 Nuntius
1240 809 1326 836 vna
1357 808 1457 836 cum
1487 795 1633 846 legato
1663 805 1756 833 cae-

119 873 261 909 sareo,
293 864 335 901 et
365 862 416 901 R.
451 863 498 902 P.
532 863 582 902 D.
615 862 850 902 Lamberto
881 864 917 909 1;
950 862 1079 902 cuius
1112 861 1207 901 R.¹¹¹i
1240 862 1478 908 aduentus,
1520 862 1567 899 vt
1607 859 1754 910 reipu-

120 926 261 966 blicae
290 927 375 966 fuit
403 930 572 979 gratus.
604 928 666 967 ita
697 927 826 967 nobis
857 939 947 967 non
978 939 1135 978 parum
1180 927 1315 968 vtilis.
1360 926 1486 972 Nam,
1523 928 1569 965 vt
1608 924 1756 965 Socie-

120 993 253 1031 tatem
301 992 373 1032 hic
421 995 716 1044 promoueret,
750 1005 956 1045 magnam
1004 1005 1178 1044 semper
1220 1004 1400 1043 operam
1431 991 1594 1043 posuit.
1627 990 1678 1030 Et
1708 990 1755 1029 in

118 1057 275 1107 primis
304 1058 484 1109 quidem
513 1070 612 1098 cum
644 1059 699 1098 ad
738 1070 785 1098 se
826 1058 1020 1098 venisset
1061 1059 1298 1109 episcopus
1331 1056 1693 1108 Osnaburgensis
1722 1057 1753 1103 ²,

118 1121 186 1161 vir
214 1124 253 1162 et
285 1135 444 1174 genere
473 1123 636 1172 clarus,
667 1126 710 1163 et
738 1124 941 1163 doctrina
970 1124 1176 1171 illustris,
1208 1124 1318 1163 adeo
1347 1123 1400 1162 de
1429 1122 1641 1173 erigendo
1675 1120 1755 1161 So-

116 1187 265 1227 cietati
295 1188 484 1239 collegio
512 1195 531 1214 a
564 1201 664 1229 cum
695 1189 793 1240 ipso
823 1189 927 1240 egit,
962 1191 1006 1228 vt
1036 1189 1074 1229 is
1104 1201 1150 1229 se
1180 1189 1224 1229 id
1256 1189 1476 1228 facturum
1502 1200 1593 1227 non
1624 1187 1754 1227 modo

117 1253 343 1303 reciperet,
366 1254 443 1294 sed
472 1255 606 1294 etiam
635 1254 873 1294 affirmaret
902 1266 948 1294 se
978 1255 1154 1294 daleros
1174 1255 1253 1294 500
1274 1254 1321 1294 in
1352 1255 1556 1305 promptu
1590 1253 1753 1292 habere

117 1329 195 1368 pro
228 1318 382 1369 primis
411 1319 585 1371 collegij
618 1319 762 1371 initijs
791 1332 841 1360 ac
881 1320 1106 1367 censibus,
1137 1322 1179 1360 et
1209 1319 1388 1359 interim
1436 1331 1482 1358 se
1526 1319 1754 1369 despectu—

116 1395 230 1430 rum,
262 1386 308 1423 vt
336 1385 568 1424 commoda
597 1385 758 1425 domus
788 1386 1003 1425 iuuenum
1035 1385 1306 1435 institutionj
1353 1386 1605 1436 apparetur.
1643 1383 1754 1424 Cum

115 1451 263 1489 autem
293 1449 349 1489 ad
380 1449 544 1490 R.Si¹¹³¹¹⁰¹
576 1451 961 1502 archiepiscopum
992 1450 1303 1491 Coloniensem
1344 1451 1358 1474 ³
1397 1462 1443 1490 se
1472 1449 1751 1497 contulisset,

115 1514 178 1553 ita
206 1526 306 1554 cum
336 1527 388 1554 eo
418 1515 471 1555 de
500 1516 632 1555 nobis
661 1518 728 1555 est
757 1516 948 1563 locutus,
973 1519 1019 1556 vt
1048 1516 1086 1555 is
1116 1528 1162 1556 se
1192 1516 1401 1567 deinceps
1422 1515 1553 1554 nobis
1573 1515 1627 1554 de
1647 1515 1753 1554 aede

113 1579 265 1631 aliqua
294 1592 420 1620 sacra
449 1583 787 1632 prospecturum
818 1582 884 1621 illi
915 1582 1167 1622 affirmaret.
1202 1582 1333 1633 Apud
1376 1581 1585 1621 consules
1618 1581 1751 1620 etiam

113 1647 156 1684 et
185 1646 455 1697 reipublicae
484 1647 757 1687 coloniensis
785 1650 1028 1695 senatores,
1061 1660 1161 1687 cum
1191 1651 1307 1687 esset
1336 1647 1383 1687 in
1414 1647 1617 1698 prandio,
1655 1649 1753 1698 post

114 1711 254 1751 multa
283 1712 337 1751 de
367 1711 584 1752 Societate
612 1713 829 1760 encomia,
861 1713 975 1753 dixit
1004 1714 1107 1753 illos
1139 1713 1233 1765 [sic]
1271 1726 1316 1753 se
1361 1713 1530 1753 nescire
1573 1713 1751 1764 qualem

112 1779 154 1816 et
183 1780 401 1828 quantum
432 1777 478 1817 in
508 1790 590 1818 sua
619 1778 802 1818 ciuitate
845 1779 1036 1819 habeant
1083 1779 1359 1825 thesaurum,
1404 1790 1535 1829 quem
1571 1778 1749 1817 tandem

112 1845 418 1893 agnoscerent.
453 1843 524 1882 vbi
555 1844 768 1895 templum
800 1845 931 1884 nobis
960 1845 1172 1884 donarint
1200 1844 1257 1884 ad
1286 1844 1520 1884 Societatis
1560 1844 1751 1883 functio-

111 1919 192 1947 nes
220 1908 358 1948 libere
386 1909 630 1950 obeundas.
663 1910 892 1950 Praeterea
925 1911 1067 1950 voluit
1097 1923 1179 1950 sua
1208 1911 1341 1950 etiam
1380 1911 1628 1962 praesentia
1653 1922 1751 1949 nos-

111 1975 227 2012 trum
258 1973 496 2025 collegium
527 1975 833 2022 cohonestare,
870 1976 916 2015 in
946 1977 1080 2027 quod,
1111 1979 1344 2028 postquam
1387 1978 1503 2016 esset
1532 1976 1750 2015 scholam-

111 2050 197 2089 que
239 2039 438 2089 aliquam
482 2040 728 2091 ingressus‚
761 2041 886 2081 finita
917 2042 1041 2082 breui
1072 2043 1266 2094 quadam
1310 2042 1511 2081 oratione
1554 2054 1578 2081 a
1616 2053 1750 2092 puero

112 2105 407 2155 pronunciata
444 2106 712 2154 memoriter,
744 2106 782 2146 is
812 2107 865 2146 ad
900 2109 1094 2147 nostram
1139 2108 1426 2148 domesticam
1472 2108 1751 2147 iuuentutem

111 2179 359 2208 sermonem
388 2170 562 2216 habuit,
586 2171 772 2210 hortans
801 2183 891 2219 eos.
918 2174 963 2211 vt
992 2173 1203 2212 ecclesiae
1233 2185 1313 2212 sua
1345 2172 1494 2212 studia
1523 2184 1749 2212 consecra-

110 2237 222 2281 rent,
254 2247 387 2285 quam
436 2235 634 2276 viderent
677 2237 760 2276 hoc
796 2239 989 2289 tempore
1037 2239 1358 2278 haereticorum
1410 2238 1511 2278 telis
1554 2238 1749 2289 grauiter

110 2299 372 2350 impetitam.
406 2301 521 2341 Ante
549 2304 700 2342 tamen
730 2306 908 2343 nostros
938 2304 1096 2343 tratres
1125 2304 1296 2343 adierat
1326 2304 1371 2343 in
1402 2304 1566 2343 sacello
1600 2303 1747 2354 ipsum

112 2366 448 2415 praestolantes
480 2367 598 2417 apud
643 2380 772 2419 quem
817 2381 916 2408 cum
962 2369 1015 2409 de
1058 2370 1143 2409 loci
1184 2369 1408 2421 angustiJ's
1437 2380 1744 2420 quereremur:

109 2429 214 2477 imo,
246 2430 408 2482 inquit.
440 2435 660 2483 angustus
689 2435 755 2472 est
784 2433 924 2481 locus,
948 2446 1079 2484 quem
1116 2435 1175 2473 ita
1209 2434 1428 2474 Dominus
1458 2435 1540 2473 hoc
1571 2445 1746 2473 summo

170 2609 189 2628 a
208 2601 364 2642 collegio
387 2611 515 2644 supra
540 2613 641 2636 vers.

169 2759 179 2776 ¹
202 2757 421 2790 Indicantur
443 2758 504 2791 hic
528 2759 686 2792 Ioannes
710 2760 932 2793 Franciseus
955 2762 1240 2801 Commendone,
1267 2763 1410 2804 Gaspar
1437 2772 1508 2794 von
1533 2762 1743 2795 Schonaich

107 2812 143 2843 et
166 2810 203 2842 P.
229 2811 447 2844 Lambertus
470 2812 580 2845 Auer.
607 2813 719 2846 Plura
742 2814 911 2847 invenies
935 2816 1035 2856 apud
1058 2816 1222 2856 HANSEN‚
1248 2817 1271 2849 l.
1296 2826 1326 2849 c.
1352 2818 1391 2848 11⁰
1414 2817 1474 2848 2³65
1498 2819 1547 2857 (p.
1572 2816 1634 2847 385
1647 2816 1742 2857 sqq.)

107 2863 159 2897 Cf.
184 2864 298 2896 etiam
320 2865 466 2897 Laim'i
489 2865 663 2899 Monam.
688 2867 731 2906 V,
755 2868 828 2907 433,
853 2869 925 2902 487.

168 2920 180 2937 2
203 2917 360 2951 Ioannes
383 2919 428 2951 de
451 2919 568 2961 Hoya.
593 2920 747 2962 Collegii
773 2923 897 2954 tamen
921 2922 1093 2955 fundatio
1116 2924 1162 2956 ad
1188 2923 1357 2955 effectum
1382 2923 1560 2964 perducta
1585 2932 1657 2955 non
1688 2924 1745 2955 est

106 2971 182 3003 nisi
205 2980 304 3004 anno
327 2972 419 3005 1625.
444 2972 496 3006 Cf.
522 2973 652 3006 DUHR:
692 2974 921 3008 Geschichte
945 2976 1016 3008 der
1037 2976 1218 3009 Jesuiten
1241 2977 1286 3008 in
1323 2977 1398 3009 den
1421 2976 1613 3008 Laudem
1638 2977 1745 3009 deut-

106 3023 222 3056 scher
243 3024 389 3066 Zunqe.
415 3025 572 3059 Zweiter
594 3027 711 3067 Band,
736 3028 861 3060 Erster
883 3029 961 3061 Teil
979 3030 1177 3071 (Freiburg
1200 3031 1224 3062 i.
1252 3030 1291 3063 B.
1322 3031 1427 3071 1913),
1455 3040 1488 3071 p.
1513 3031 1554 3062 84
1577 3040 1657 3072 sqq.

169 3079 183 3097 ³
203 3078 362 3111 Ioannes
385 3079 570 3113 Gebhard.
