2028 3531
481 279 564 315 570.
589 299 635 303 —
660 277 906 314 VINDOBONA
933 276 951 312 1
981 274 1237 311 SEPTEMBRIS
1264 273 1352 310 1561
1618 273 1686 310 497

99 399 312 440 scientiae
341 409 585 450 grauamen
615 396 798 448 aliquod
827 394 970 435 deseri
1002 404 1131 444 posse
1152 392 1420 443 quibusdam
1443 403 1534 431 non
1558 391 1736 431 videan-

99 467 188 512 tur,
210 464 344 504 citius
372 471 391 490 ὃ
420 463 672 514 rectiusque
694 460 1001 512 expediantur,
1024 460 1067 498 et
1086 469 1267 509 compos
1289 457 1398 496 tanti
1424 457 1513 496 voti
1535 456 1736 496 sanctius

99 529 329 569 efficiatur.
362 528 489 568 Faxit
518 527 536 553 b
558 527 677 567 Deus
707 525 999 576 Omnipotens
1019 535 1074 563 ne
1096 523 1264 562 interea
1284 521 1497 573 temporis
1526 521 1735 561 subortae

99 595 289 635 nebulae
317 594 495 646 aliquae
525 593 624 644 piae
652 592 758 632 huic
788 590 924 631 menti
954 601 1008 629 ex
1037 600 1133 628 sese
1163 587 1400 628 offundant
1429 587 1649 626 tenebras.

179 660 218 699 8.
251 658 457 706 Nomina,
489 657 654 705 studia,
691 656 924 707 officiaque
966 653 1225 700 domestica,
1271 652 1437 703 quibus
1480 651 1622 691 nostri
1665 650 1738 690 hic

100 737 258 765 omnes
287 726 562 770 exercentur,
599 725 642 762 vt
671 724 774 762 sunt
805 723 935 760 antea
966 718 1156 771 priuatis
1176 718 1338 758 litteris
1367 717 1419 757 R.
1452 717 1500 757 T.
1535 717 1582 756 P.
1615 718 1735 763 nota,

102 790 164 830 ita
192 790 327 830 etiam
356 789 412 829 ab
442 789 545 839 alijs
575 787 784 840 cognosci
823 785 953 825 facile
992 785 1217 836 poterunt,
1249 795 1302 822 ex
1331 794 1383 822 eo
1414 781 1574 829 indice,
1606 793 1738 833 quem

102 855 227 895 breui
257 854 393 895 simul
426 866 527 894 cum
566 864 752 893 romano
790 851 1130 901 coniungemus,
1163 860 1214 889 ac
1243 848 1376 900 typis,
1410 849 1458 888 ut
1487 847 1616 895 alias,
1649 858 1739 886 non

102 920 199 961 sine
228 919 453 971 spirituali
484 919 660 966 solatio,
692 929 743 958 ac
773 917 935 963 fructu,
972 915 1057 955 fuit
1090 914 1356 961 factitatum,
1393 912 1736 953 committemus.

103 985 242 1026 Cuius
263 985 533 1036 exemplaria
555 986 619 1024 tot
639 994 824 1024 numero
846 981 1069 1026 dabimus,
1092 982 1140 1020 vt
1159 979 1319 1019 harum
1345 977 1739 1030 quadrimestrium

101 1051 255 1102 copiae
284 1050 664 1101 correspondeant
693 1051 721 1088 ¹.

182 1117 221 1157 9.
256 1116 492 1156 Inferiores
521 1115 682 1162 scolae,
714 1112 891 1153 tametsi
923 1111 1095 1163 aliquot
1124 1109 1290 1150 abhinc
1310 1109 1484 1157 diebus,
1516 1109 1573 1148 ob
1604 1108 1742 1160 pestis

102 1184 280 1223 exortae
310 1182 529 1229 timorem,
562 1180 726 1220 fuerint
756 1179 960 1218 occlusae
989 1178 1182 1229 quatuor
1213 1177 1295 1227 (est
1323 1175 1443 1215 enim
1474 1186 1665 1226 magnus
1695 1174 1742 1214 in

104 1247 196 1288 illis
226 1247 529 1287 studiosorum
561 1245 807 1294 numerus),
853 1245 1003 1283 tamen
1047 1253 1192 1292 neque
1232 1242 1538 1293 praeceptores
1567 1241 1743 1290 tempus

104 1325 237 1353 suum
267 1312 432 1351 frustra
462 1312 624 1360 terunt,
657 1321 800 1360 neque
830 1308 878 1348 in
908 1307 1146 1347 altioribus
1175 1306 1396 1347 classibus
1425 1306 1645 1345 cessatum
1677 1306 1744 1344 est

104 1391 131 1418 a
159 1377 386 1418 consuetis
415 1376 665 1416 litterarum
699 1373 1069 1414 exercitamentis.
1113 1371 1313 1422 Quorum
1356 1370 1557 1410 omnium
1600 1381 1744 1409 exem-

104 1443 248 1495 plaria
277 1451 307 1490 ⁰,
340 1442 505 1494 pariter
535 1443 667 1492 atque
697 1440 954 1487 authorum,
986 1438 1063 1489 qui
1093 1438 1166 1477 hic
1188 1437 1519 1489 praeleguntur,
1543 1435 1591 1475 P.
1615 1435 1663 1474 T.
1689 1435 1740 1474 R.

105 1509 233 1549 breui
266 1508 505 1548 mittemus.

188 1574 250 1614 10.
282 1573 505 1613 Numerus
530 1571 834 1611 studiosorum
856 1571 899 1610 et
919 1569 1153 1609 nobilitate
1183 1570 1225 1608 et
1254 1566 1528 1619 praestantia
1557 1567 1746 1617 augetur

107 1640 155 1679 in
184 1639 280 1679 dies
310 1638 455 1689 magis
486 1636 741 1688 magisque,
774 1647 855 1675 nec
884 1646 992 1675 sane
1022 1633 1222 1686 germani
1257 1633 1404 1680 modo,
1436 1632 1513 1672 sed
1542 1630 1744 1671 omnium

107 1705 196 1744 fere
228 1703 460 1743 nationum
491 1703 579 1742 huc
614 1701 891 1749 cateruatim,
937 1700 1025 1740 huc
1067 1698 1312 1750 aliquando
1354 1698 1640 1737 concurrunt.
1683 1695 1746 1735 Ex

106 1770 272 1822 quibus
301 1769 390 1808 duo
420 1768 536 1807 inter
564 1767 678 1807 alios
698 1766 867 1818 primae
887 1765 1139 1805 nobilitatis
1159 1762 1549 1804 vehementissime
1569 1774 1595 1801 a
1615 1760 1633 1787 d
1655 1773 1746 1801 car-

107 1835 249 1875 dinali
281 1832 655 1874 reuerendissimo
699 1831 863 1871 Hossio
899 1832 1005 1870 sunt
1042 1830 1174 1870 nobis
1217 1827 1530 1869 commendati.
1577 1826 1746 1877 Quodsi

106 1913 228 1941 noua
257 1899 480 1940 auditoria
509 1910 624 1950 quae
652 1909 907 1937 caessareae
940 1895 1185 1935 maiestatis
1223 1893 1493 1946 sumptibus,
1525 1892 1598 1932 hic
1628 1891 1746 1943 apud

108 1977 192 2005 nos
233 1966 540 2011 exstruuntur,
586 1963 792 2002 absoluta
837 1961 978 2009 breui,
1019 1963 1069 2000 ut
1111 1971 1358 2012 speramus,
1404 1958 1593 2005 fuerint3
1626 1957 1664 1996 si
1694 1969 1747 1996 ex

108 2031 226 2071 Vrbe
255 2030 382 2081 copia
411 2029 543 2068 nobis
572 2028 645 2068 fiet
675 2027 815 2079 gratis
845 2038 920 2066 eos
950 2025 1260 2078 promouendi,
1291 2024 1368 2076 qui
1403 2024 1451 2063 in
1480 2023 1564 2063 hoc
1594 2024 1747 2062 nostro

109 2095 344 2147 gymnasio
373 2096 415 2134 et
444 2093 606 2133 litteris
634 2104 815 2144 operam
845 2095 1025 2131 strenue
1049 2090 1266 2138 dederint,
1289 2092 1332 2129 et
1351 2088 1555 2129 doctrina
1584 2087 1749 2139 pariter

172 2276 191 2295 a
211 2267 329 2300 cicius
348 2276 418 2299 ms.
442 2285 483 2288 —
505 2265 523 2292 b
546 2265 669 2298 Facsit
694 2274 763 2297 ms.
790 2284 828 2287 —
852 2273 866 2291 c
888 2264 970 2297 Del.
995 2263 1042 2296 ad
1065 2282 1104 2286 —-
1128 2263 1146 2290 d
1168 2272 1189 2295 a
1212 2271 1339 2304 supra
1362 2270 1465 2294 vers.

175 2438 183 2455 ¹
208 2436 317 2468 Hunc
354 2435 566 2475 catalogum
597 2433 754 2473 invenit,
779 2434 816 2465 et
839 2433 976 2465 iterum
998 2431 1117 2464 edidit
1139 2430 1326 2463 Bruxellis
1360 2438 1458 2461 anno
1483 2428 1563 2460 1892
1586 2427 1623 2460 P.
1649 2426 1751 2459 Som-

112 2489 299 2531 mervogel
323 2488 394 2521 sub
428 2488 561 2520 titulo:
590 2500 606 2516 ⁴<
628 2487 706 2520 Les
738 2486 911 2518 Je'snites
945 2486 990 2518 cle
1013 2485 1130 2517 Rome
1164 2486 1199 2517 et
1233 2484 1278 2516 de
1318 2483 1466 2515 Vienna
1494 2491 1540 2514 en
1576 2479 1751 2513 M.D.LXI

113 2543 283 2584 d’apres
306 2551 363 2574 nn
389 2542 602 2582 Uataloglue
626 2540 839 2572 rarissime
863 2539 908 2571 de
932 2539 1103 2580 l’e'poque
1123 2551 1153 2570 ».
1178 2538 1222 2570 Et
1245 2537 1395 2579 quidem
1418 2536 1611 2576 catalogus
1635 2542 1752 2565 roma-

113 2606 197 2635 nus,
222 2597 265 2628 ut
287 2596 327 2628 in
351 2596 433 2637 ipso
456 2594 607 2634 dicitur,
643 2594 753 2626 refert
776 2594 918 2625 statum
952 2591 1150 2625 Societatis
1174 2599 1350 2624 romanae
1384 2589 1454 2622 sub
1478 2589 1587 2621 finem
1611 2587 1751 2619 mensis

113 2650 201 2682 Maii
227 2650 327 2689 1561;
353 2649 549 2689 catalogus
582 2656 669 2680 vero
702 2647 920 2679 viennensis
953 2655 1079 2678 mense
1115 2644 1264 2677 Octobri
1288 2644 1452 2685 scriptus
1485 2642 1634 2674 videtur
1668 2649 1751 2673 cum

114 2703 189 2736 iam
212 2703 249 2735 in
275 2712 317 2735 eo
340 2702 582 2734 recenseatur
604 2701 643 2734 P.
668 2701 860 2733 Hurtadus
898 2699 1019 2738 perez,
1054 2699 1119 2740 qui
1154 2699 1214 2731 die
1237 2698 1277 2730 25
1300 2696 1507 2738 Septembri
1531 2694 1653 2727 adbuc
1680 2693 1753 2725 Au-

115 2757 248 2799 gustae
271 2755 493 2788 versabatur
516 2755 851 2796 (BRAUNSBERGEEM
875 2753 920 2786 Β.
934 2753 1046 2786 Petri
1072 2752 1230 2784 Canis-ii
1256 2751 1381 2792 Epist.
1406 2750 1468 2789 III,
1494 2748 1569 2789 233)
1593 2749 1629 2780 et
1652 2747 1711 2780 die
1734 2747 1754 2779 6

115 2810 285 2843 Octobris
320 2809 554 2851 Ingolstadio
577 2808 760 2841 Viennam
794 2816 924 2839 versus
964 2806 1148 2846 profectus
1182 2806 1239 2838 est
1273 2804 1380 2846 (ibid.
1406 2803 1493 2843 ⁶246).
1525 2801 1754 2834 Recensetur

115 2864 229 2897 etiam
264 2863 301 2896 P.
327 2862 588 2895 Ferdinandus
621 2861 726 2901 Jaen,
751 2861 817 2903 qui
850 2870 896 2893 ex
920 2860 1019 2893 Urbe
1041 2859 1229 2901 profectus
1252 2859 1309 2891 est
1338 2857 1497 2890 exeunte
1520 2864 1646 2888 mense
1669 2854 1755 2896 Sep-

115 2917 247 2950 tembri
273 2916 379 2959 (ibid.
404 2917 493 2956 227),
518 2917 555 2948 et
578 2915 638 2948 die
663 2915 702 2947 18
734 2914 903 2947 Octobris
928 2914 1050 2947 adhuc
1084 2913 1122 2946 P.
1148 2912 1324 2945 Canisius
1348 2911 1520 2952 Augusta
1543 2908 1751 2941 scribebat:

119 2983 135 3000 «
157 2970 329 3003 Nondum
353 2970 398 3002 de
421 2970 586 3002 adventu
620 2969 707 3001 Doc.
731 2968 824 3001 Jaen
858 2967 1101 3009 cognovimus
1124 2980 1140 2995 »
1176 2966 1283 3007 (ibid.
1307 2964 1395 3005 263).
1434 2963 1530 2996 Ante
1553 2962 1664 2995 finem
1686 2961 1756 2994 No-

117 3023 279 3055 vembris
312 3023 561 3055 concinnatus
595 3022 652 3054 est
685 3021 891 3062 catalogus,
916 3020 1007 3062 quia
1041 3019 1105 3052 illo
1128 3027 1254 3051 mense
1284 3017 1322 3049 P.
1352 3016 1514 3049 Victoria
1537 3015 1650 3048 desiit
1673 3022 1756 3047 esse

119 3076 266 3118 collegii
290 3076 509 3108 viennensis
539 3075 661 3108 rector
683 3074 787 3116 (ibid.
812 3074 901 3115 313).

190 3164 353 3193 errnRAn
373 3164 653 3199 QUADRnfflsrREs.
675 3180 708 3184 --
728 3164 808 3191 Tou.
830 3162 899 3191 VII.
1651 3157 1686 3184 32
