2028 3531
583 268 661 303 490.
691 288 734 291 —
762 266 880 302 Sexis
905 266 928 300 9
955 266 1184 306 ῈΕΒΒΉΛΒΗ
1217 268 1298 302 1:361
1650 269 1713 304 157»

126 385 421 437 apparitorem
456 385 705 425 uiatoribus
735 385 948 436 stipatum
980 385 1276 431 subostendit;
1310 387 1350 424 et
1382 385 1453 424 hic
1486 387 1631 425 furore
1663 399 1760 436 cap-

127 453 199 490 tus
241 451 415 490 fabrum
462 450 582 490 illico
625 450 890 490 descendere
934 450 1071 493 iubet.
1103 450 1174 490 cui
1220 451 1331 490 bene
1365 451 1543 502 quidem
1579 452 1761 489 barbato

125 515 327 555 offerenti
358 527 404 555 se
435 515 516 557 illi.
549 515 709 554 acriter
737 514 776 554 ei
808 515 1067 554 insultando
1101 515 1291 554 uellebat
1334 516 1540 558 barbam:
1584 516 1658 554 ille
1696 518 1761 555 t'u-

127 592 234 627 rere,
280 580 351 620 hic
396 581 553 620 insons
596 592 738 631 aequo
782 580 932 619 animo
983 581 1160 630 probra,
1206 580 1421 627 conuitia,
1466 581 1761 620 contumelias

125 645 317 696 perpeti;
363 645 438 685 ille
483 646 674 690 minacia
717 646 911 696 proferre
967 646 1117 687 uerba.
1165 646 1236 685 hic
1281 646 1420 685 Deum
1477 645 1668 697 rogitare
1715 647 1760 685 ut

124 711 368 762 asperrimo
410 711 696 751 conuitiatori
740 711 907 751 crimen
950 711 1237 751 condonaret.
1286 711 1461 762 Ingenti
1503 711 1574 750 hic
1604 711 1760 761 tlagrat

124 776 344 816 desiderio
374 776 623 824 Societatis‚
646 777 700 816 ad
722 788 856 827 quam
888 776 924 816 si
955 776 1131 816 caelebs
1165 778 1294 822 esset,
1318 776 1445 816 nulla
1476 788 1596 815 mora
1623 776 1762 815 aduo-

124 841 256 888 laret;
289 841 652 893 quandoquidem
696 841 818 881 filius
861 841 958 880 eius
1002 841 1314 881 adhortatione
1362 841 1585 892 impulsus
1629 841 1759 882 hanc.

125 919 214 946 uno
246 907 356 947 forte
399 907 563 946 abhinc
606 919 741 953 anno,
773 909 840 946 est
883 907 1127 958 ingressus.
1161 907 1343 946 Minime
1378 907 1421 946 id
1466 906 1761 946 tacirtunitati

125 972 219 1024 [sic]
251 974 485 1013 concedam
516 980 549 1012 a.
583 972 735 1012 Isthuc
764 984 810 1012 se
841 972 983 1012 filium
1027 972 1341 1019 conferentem,
1374 972 1457 1012 iter
1496 972 1632 1012 unius
1672 972 1759 1011 diei

124 1037 376 1086 comitatur,
401 1040 576 1088 postera
605 1037 677 1077 die
707 1035 980 1077 discessione
1010 1037 1228 1077 dirimunt
1258 1038 1530 1087 societatem,
1554 1037 1630 1077 sed
1661 1049 1761 1077 cum

125 1102 201 1142 uix
232 1105 355 1154 pater
398 1115 502 1154 prae
531 1103 672 1142 nimio
718 1103 848 1142 Vrbis
891 1102 1112 1142 desiderio
1157 1102 1240 1142 iter
1278 1103 1555 1154 supprimere
1596 1105 1760 1153 posset.

124 1170 373 1219 prostratus
403 1169 581 1208 tandem
612 1168 659 1208 in
688 1180 826 1208 coeno
858 1168 969 1208 forte
999 1168 1054 1208 ad
1098 1168 1178 1207 filii
1226 1168 1373 1218 pedes,
1413 1168 1601 1219 supplex
1632 1169 1762 1208 bene-

124 1234 362 1274 dictionem
407 1234 538 1285 petit:
584 1234 665 1282 Da,
698 1234 859 1285 inquit,
892 1233 955 1273 fili
987 1233 1062 1281 mi,
1095 1233 1450 1273 benedictionem
1480 1233 1591 1273 mihi
1621 1236 1760 1276 tuam.

124 1302 171 1339 tu
201 1299 318 1339 enim
351 1300 439 1339 iam
470 1299 517 1339 in
538 1299 703 1340 Christi
733 1300 878 1339 seruis
900 1299 1165 1347 numeraris,
1188 1311 1269 1351 ego
1291 1311 1397 1339 uero
1427 1299 1580 1339 sordes
1606 1299 1761 1339 mundi

123 1376 238 1404 sum.
271 1364 367 1415 Qua
389 1377 434 1404 re
454 1365 560 1405 hinc
580 1365 683 1405 inde
713 1365 943 1405 lachrimis
964 1365 1154 1416 genibus
1175 1365 1327 1405 curuis
1348 1365 1460 1404 alter
1488 1365 1544 1404 ab
1574 1364 1592 1389 Ι)
1623 1365 1762 1404 altero

125 1431 476 1471 benedictionem
525 1431 736 1482 postulat.
770 1431 905 1470 Plura
935 1431 989 1470 de
1034 1430 1216 1470 homine
1260 1431 1447 1470 auribus
1476 1430 1612 1482 digna
1647 1442 1763 1470 com-

124 1497 411 1537 memoranda
453 1499 616 1541 essent.
650 1497 738 1537 nisi
781 1497 1005 1536 studerem
1051 1496 1275 1536 breuitati.
1323 1496 1398 1536 Sat
1442 1508 1540 1536 reor
1583 1497 1674 1536 fore
1718 1496 1762 1535 id

124 1574 264 1602 unum
295 1563 348 1602 de
381 1563 480 1614 ipso
525 1563 771 1614 perhibere,
802 1574 853 1602 ea
896 1574 992 1602 esse
1037 1562 1270 1613 probitate,
1308 1562 1447 1601 animi
1491 1561 1760 1609 humilitate,

123 1628 478 1680 obedientiaque,
512 1632 559 1668 ut
604 1628 842 1671 neminem,
874 1629 1093 1679 quantum
1138 1627 1355 1667 iudicium
1400 1627 1542 1667 facere
1582 1628 1649 1667 fas
1678 1630 1760 1670 est,

124 1694 170 1733 in
200 1694 283 1733 hac
325 1693 507 1734 ciuitate
553 1693 844 1746 [Narrcmtm·
887 1695 1068 1744 aliquae
1112 1695 1395 1744 peccatorum
1434 1696 1760 1734 conversiones.

123 1773 236 1810 quas
266 1762 468 1800 omittere
496 1762 643 1800 satius
672 1762 821 1800 visum
852 1759 954 1811 est]

202 1826 240 1864 8.
274 1824 384 1865 Cum
414 1827 655 1865 extremam
686 1825 815 1876 quasi
846 1837 1028 1865 manum
1051 1825 1123 1864 his
1148 1825 1291 1864 literis
1321 1825 1651 1875 imposuissem.
1685 1825 1763 1864 mi—

123 1891 242 1930 nime
282 1891 554 1931 reticendum
597 1891 790 1939 uidetur,
831 1891 951 1942 quod
994 1891 1144 1930 euenit
1187 1891 1310 1932 noui.
1355 1891 1454 1930 Dux
1498 1891 1762 1930 florentinus

123 1969 214 1997 una
242 1969 342 1996 cum
372 1957 562 2008 coniuge
592 1969 673 1997 sua
705 1960 733 2004 ⁵,
766 1959 867 2008 post
897 1957 1038 1996 Roma
1073 1956 1336 1999 discessum,
1378 1959 1483 1997 sunt
1522 1957 1593 1996 hic
1634 1957 1763 1997 Senis

122 2022 178 2062 ad
208 2022 476 2074 uigesimum
509 2023 623 2062 diem
656 2022 932 2062 commorati.
969 2022 1130 2062 Inuisit
1164 2023 1378 2062 continuo
1418 2023 1548 2062 Pater
1587 2023 1759 2065 duceni,

122 2100 255 2139 quam
286 2090 403 2128 totos
433 2088 528 2128 dies
557 2089 798 2128 obseruare
840 2088 1087 2139 oportebat.
1135 2090 1182 2128 ut
1226 2088 1312 2127 sibi
1356 2089 1411 2128 ad
1455 2100 1551 2128 eam
1596 2088 1759 2130 aditus.

122 2154 199 2205 qui
230 2154 409 2205 quidem
446 2154 492 2193 in
533 2153 677 2204 initijs
707 2153 958 2194 difficillimi
1003 2156 1143 2200 erant,
1189 2154 1416 2194 darentur.
1460 2154 1763 2194 Introducitur

122 2219 316 2266 tandem,
351 2219 506 2258 ineunt
534 2219 774 2270 colloquia,
807 2219 1010 2270 interque
1036 2219 1310 2270 loquendum
1341 2231 1391 2258 ea
1425 2219 1761 2259 beneuolentiae

122 2284 250 2335 signa
284 2296 385 2335 prae
415 2296 461 2324 se
491 2284 609 2331 tulit,
633 2287 682 2324 ut
704 2284 894 2323 maxime
915 2285 1112 2324 animata
1144 2284 1190 2324 in
1221 2284 1485 2324 Societatem
1517 2284 1758 2324 uideretur.

124 2350 253 2389 Pater
281 2349 443 2389 etenim
476 2350 636 2389 Rector
665 2352 757 2390 tam
789 2353 985 2390 maxime
1016 2358 1030 2376 C
1066 2350 1111 2389 in
1143 2350 1288 2401 ipsius
1322 2350 1508 2401 gratiam
1542 2350 1680 2391 uenit,
1714 2352 1761 2389 ut

122 2415 208 2466 ipsi
238 2416 549 2455 obseruatores
581 2417 878 2455 cmtnmabant
901 2415 919 2441 d
949 2415 1106 2455 ducem
1129 2427 1219 2455 uno
1240 2416 1439 2455 omnium
1474 2416 1602 2455 Patre
1634 2415 1761 2454 t'ami-

122 2480 362 2520 liarissime
402 2481 481 2520 uti.
524 2481 649 2520 Vnde
694 2481 874 2532 saepius
918 2483 1138 2532 petentem
1183 2481 1331 2532 ipsum
1360 2489 1375 2505 f‘
1414 2481 1669 2520 facultatem
1714 2492 1760 2519 se

122 2545 303 2585 domum
334 2546 592 2597 recipiendi,
629 2558 728 2586 cum
760 2546 807 2585 in
837 2546 941 2586 aula
985 2546 1179 2586 stetisset
1223 2546 1410 2588 diutius,
1456 2546 1579 2585 abire
1621 2545 1760 2584 amice

122 2611 327 2662 nega-uit:
360 2611 573 2663 quoniam
604 2624 695 2651 non
737 2611 947 2651 mediocri
991 2611 1223 2663 uoluptate
1267 2611 1541 2651 afficiebatur
1584 2612 1762 2661 propter

121 2675 486 2728 circumspectam
517 2677 764 2716 orationem
796 2677 956 2725 Patris,
989 2677 1061 2716 cui
1092 2677 1227 2716 semel
1257 2677 1373 2716 serio
1403 2676 1515 2715 dixit
1536 2676 1651 2715 inter
1672 2687 1761 2715 om·

183 2858 201 2876 a
230 2850 492 2882 taciturnitate
515 2850 725 2890 praeteribo
759 2849 841 2882 Pol.
876 2869 916 2872 —
951 2850 968 2875 b
997 2849 1043 2881 ab
1080 2859 1207 2891 supra
1234 2858 1333 2881 cer-s,
1364 2867 1402 2870 -
1438 2858 1451 2875 ι·
1475 2848 1566 2879 adeo
1603 2847 1682 2879 Pol.
1722 2866 1761 2869 —-

126 2903 143 2929 ‘l
159 2902 323 2935 dicerent
348 2903 430 2936 Pol.
456 2922 495 2925 —
519 2912 534 2929 e
560 2902 727 2935 Videtur
743 2904 867 2944 prius
890 2903 1085 2944 scriptum
1111 2903 1252 2944 petenti
1278 2902 1363 2943 ipsi.

185 3068 192 3084 ¹
219 3065 370 3098 Cosmas
395 3066 438 3098 de
462 3066 614 3098 Medicis
637 3067 673 3098 et
698 3066 877 3098 Eleonora
901 3065 945 3097 de
968 3065 1114 3097 Toledo.
