<?xml version="1.0" encoding="UTF-8"?>
<!DOCTYPE html PUBLIC "-//W3C//DTD XHTML 1.0 Transitional//EN"
    "http://www.w3.org/TR/xhtml1/DTD/xhtml1-transitional.dtd">
<html xmlns="http://www.w3.org/1999/xhtml" xml:lang="en" lang="en">
 <head>
  <title>
</title>
<meta http-equiv="Content-Type" content="text/html;charset=utf-8" />
  <meta name='ocr-system' content='tesseract 3.04.00' />
  <meta name='ocr-capabilities' content='ocr_page ocr_carea ocr_par ocr_line ocrx_word'/>
</head>
<body>
  <div class='ocr_page' id='page_1' title='image "./litteraequadrime1907lain_0119.png"; bbox 0 0 2028 3531; ppageno 0'>
   <div class='ocr_carea' id='block_1_1' title="bbox 574 261 1749 298">
    <p class='ocr_par' dir='ltr' id='par_1_1' title="bbox 574 261 1749 298">
     <span class='ocr_line' id='line_1_1' title="bbox 574 261 1749 298; baseline 0.001 -2"><span class='ocrx_word' id='word_1_1' title='bbox 574 262 653 298; x_wconf 68' lang='lat'>478.</span> <span class='ocrx_word' id='word_1_2' title='bbox 681 284 725 287; x_wconf 92' lang='lat'>——</span> <span class='ocrx_word' id='word_1_3' title='bbox 753 261 973 298; x_wconf 66' lang='lat' dir='ltr'>Omsu’onr:</span> <span class='ocrx_word' id='word_1_4' title='bbox 1005 262 1045 296; x_wconf 63' lang='lat'>145</span> <span class='ocrx_word' id='word_1_5' title='bbox 1075 261 1265 297; x_wconf 76' lang='lat' dir='ltr'><strong>{ANUARII</strong></span> <span class='ocrx_word' id='word_1_6' title='bbox 1296 262 1378 296; x_wconf 72' lang='lat'>1561</span> <span class='ocrx_word' id='word_1_7' title='bbox 1703 264 1749 297; x_wconf 71' lang='lat'>93</span> 
     </span>
    </p>
   </div>
   <div class='ocr_carea' id='block_1_2' title="bbox 264 381 1795 562">
    <p class='ocr_par' dir='ltr' id='par_1_2' title="bbox 264 381 1795 562">
     <span class='ocr_line' id='line_1_2' title="bbox 267 381 1795 432; baseline 0.001 -12"><span class='ocrx_word' id='word_1_8' title='bbox 267 381 437 431; x_wconf 68' lang='lat' dir='ltr'>cipibus</span> <span class='ocrx_word' id='word_1_9' title='bbox 479 383 517 420; x_wconf 77' lang='lat' dir='ltr'>et</span> <span class='ocrx_word' id='word_1_10' title='bbox 563 382 850 432; x_wconf 69' lang='lat' dir='ltr'>maynatibus</span> <span class='ocrx_word' id='word_1_11' title='bbox 893 383 986 431; x_wconf 78' lang='lat' dir='ltr'>fiat.</span> <span class='ocrx_word' id='word_1_12' title='bbox 1020 404 1067 408; x_wconf 82' lang='lat'>——</span> <span class='ocrx_word' id='word_1_13' title='bbox 1098 386 1168 420; x_wconf 86' lang='lat'>13.</span> <span class='ocrx_word' id='word_1_14' title='bbox 1199 383 1262 420; x_wconf 85' lang='lat' dir='ltr'>De</span> <span class='ocrx_word' id='word_1_15' title='bbox 1300 383 1473 420; x_wconf 77' lang='lat' dir='ltr'>Ioanne</span> <span class='ocrx_word' id='word_1_16' title='bbox 1517 383 1795 432; x_wconf 65' lang='lat' dir='ltr'>cepstanensis</span> 
     </span>
     <span class='ocr_line' id='line_1_3' title="bbox 266 446 1794 496; baseline 0.001 -12"><span class='ocrx_word' id='word_1_17' title='bbox 266 447 414 496; x_wconf 63' lang='lat' dir='ltr'>reguli</span> <span class='ocrx_word' id='word_1_18' title='bbox 456 448 564 496; x_wconf 76' lang='lat' dir='ltr'>filio.</span> <span class='ocrx_word' id='word_1_19' title='bbox 611 470 661 474; x_wconf 92' lang='lat'>——</span> <span class='ocrx_word' id='word_1_20' title='bbox 703 451 773 485; x_wconf 86' lang='lat'>14.</span> <span class='ocrx_word' id='word_1_21' title='bbox 814 446 1057 486; x_wconf 72' lang='lat' dir='ltr'>Sollemnis</span> <span class='ocrx_word' id='word_1_22' title='bbox 1101 447 1361 486; x_wconf 68' lang='lat' dir='ltr'>studiorum</span> <span class='ocrx_word' id='word_1_23' title='bbox 1404 449 1697 486; x_wconf 67' lang='lat' dir='ltr'>instauratis).</span> <span class='ocrx_word' id='word_1_24' title='bbox 1746 470 1794 473; x_wconf 85' lang='lat'>—</span> 
     </span>
     <span class='ocr_line' id='line_1_4' title="bbox 264 513 1535 562; baseline 0.002 -13"><span class='ocrx_word' id='word_1_25' title='bbox 264 515 334 550; x_wconf 88' lang='lat'>15.</span> <span class='ocrx_word' id='word_1_26' title='bbox 366 513 617 551; x_wconf 72' lang='lat' dir='ltr'>Antoniani</span> <span class='ocrx_word' id='word_1_27' title='bbox 647 513 823 562; x_wconf 62' lang='lat' dir='ltr'>collegii</span> <span class='ocrx_word' id='word_1_28' title='bbox 852 513 1053 560; x_wconf 70' lang='lat' dir='ltr'>fratrum</span> <span class='ocrx_word' id='word_1_29' title='bbox 1082 513 1278 551; x_wconf 69' lang='lat' dir='ltr'>humilia</span> <span class='ocrx_word' id='word_1_30' title='bbox 1308 513 1535 551; x_wconf 69' lang='lat' dir='ltr'>exercitia.</span> 
     </span>
    </p>
   </div>
   <div class='ocr_carea' id='block_1_3' title="bbox 152 635 1797 2850">
    <p class='ocr_par' dir='ltr' id='par_1_3' title="bbox 152 635 1797 2850">
     <span class='ocr_line' id='line_1_5' title="bbox 242 635 1797 685; baseline 0 -11"><span class='ocrx_word' id='word_1_31' title='bbox 242 635 275 674; x_wconf 92' lang='lat' dir='ltr'>l.</span> <span class='ocrx_word' id='word_1_32' title='bbox 308 636 336 685; x_wconf 47' lang='grc' dir='ltr'><em>ἦ</em></span> <span class='ocrx_word' id='word_1_33' title='bbox 371 635 488 674; x_wconf 80' lang='lat' dir='ltr'>ttius,</span> <span class='ocrx_word' id='word_1_34' title='bbox 523 635 775 675; x_wconf 86' lang='lat' dir='ltr'>Admodum</span> <span class='ocrx_word' id='word_1_35' title='bbox 812 636 1065 675; x_wconf 72' lang='lat' dir='ltr'>Reuerende</span> <span class='ocrx_word' id='word_1_36' title='bbox 1096 636 1141 675; x_wconf 90' lang='lat' dir='ltr'>in</span> <span class='ocrx_word' id='word_1_37' title='bbox 1174 637 1250 675; x_wconf 52' lang='grc' dir='ltr'>ΧΑ)</span> <span class='ocrx_word' id='word_1_38' title='bbox 1273 636 1416 679; x_wconf 75' lang='lat' dir='ltr'>Pater.</span> <span class='ocrx_word' id='word_1_39' title='bbox 1440 639 1520 675; x_wconf 90' lang='lat' dir='ltr'>etc.</span> <span class='ocrx_word' id='word_1_40' title='bbox 1554 636 1641 675; x_wconf 81' lang='lat' dir='ltr'>Pax</span> <span class='ocrx_word' id='word_1_41' title='bbox 1672 635 1797 676; x_wconf 88' lang='lat' dir='ltr'>Chri-</span> 
     </span>
     <span class='ocr_line' id='line_1_6' title="bbox 158 699 1796 746; baseline 0.001 -8"><span class='ocrx_word' id='word_1_42' title='bbox 158 699 229 738; x_wconf 87' lang='lat' dir='ltr'>sti.</span> <span class='ocrx_word' id='word_1_43' title='bbox 264 699 438 739; x_wconf 83' lang='lat' dir='ltr'>Faciam</span> <span class='ocrx_word' id='word_1_44' title='bbox 484 702 525 739; x_wconf 88' lang='lat' dir='ltr'>te</span> <span class='ocrx_word' id='word_1_45' title='bbox 569 700 640 739; x_wconf 87' lang='lat' dir='ltr'>his</span> <span class='ocrx_word' id='word_1_46' title='bbox 682 700 824 740; x_wconf 86' lang='lat' dir='ltr'>literis</span> <span class='ocrx_word' id='word_1_47' title='bbox 867 701 1114 740; x_wconf 85' lang='lat' dir='ltr'>certiorem.</span> <span class='ocrx_word' id='word_1_48' title='bbox 1154 701 1410 740; x_wconf 82' lang='lat' dir='ltr'>Reuerende</span> <span class='ocrx_word' id='word_1_49' title='bbox 1442 701 1586 746; x_wconf 77' lang='lat' dir='ltr'>Pater,</span> <span class='ocrx_word' id='word_1_50' title='bbox 1618 703 1711 740; x_wconf 90' lang='lat' dir='ltr'>tum</span> <span class='ocrx_word' id='word_1_51' title='bbox 1742 701 1796 740; x_wconf 93' lang='lat' dir='ltr'>de</span> 
     </span>
     <span class='ocr_line' id='line_1_7' title="bbox 158 763 1796 817; baseline 0.002 -15"><span class='ocrx_word' id='word_1_52' title='bbox 158 763 229 813; x_wconf 84' lang='lat' dir='ltr'>ijs,</span> <span class='ocrx_word' id='word_1_53' title='bbox 262 776 374 815; x_wconf 86' lang='lat' dir='ltr'>quae</span> <span class='ocrx_word' id='word_1_54' title='bbox 405 766 488 804; x_wconf 87' lang='lat' dir='ltr'>hoc</span> <span class='ocrx_word' id='word_1_55' title='bbox 517 766 721 816; x_wconf 80' lang='lat' dir='ltr'>proximo</span> <span class='ocrx_word' id='word_1_56' title='bbox 750 766 1066 817; x_wconf 79' lang='lat' dir='ltr'>quadrimestri</span> <span class='ocrx_word' id='word_1_57' title='bbox 1099 778 1174 817; x_wconf 86' lang='lat' dir='ltr'>per</span> <span class='ocrx_word' id='word_1_58' title='bbox 1204 766 1340 806; x_wconf 83' lang='lat' dir='ltr'>huius</span> <span class='ocrx_word' id='word_1_59' title='bbox 1378 766 1540 805; x_wconf 89' lang='lat' dir='ltr'>domus</span> <span class='ocrx_word' id='word_1_60' title='bbox 1568 766 1796 816; x_wconf 85' lang='lat' dir='ltr'>operarios</span> 
     </span>
     <span class='ocr_line' id='line_1_8' title="bbox 157 831 1796 882; baseline 0.001 -13"><span class='ocrx_word' id='word_1_61' title='bbox 157 832 253 870; x_wconf 87' lang='lat' dir='ltr'>acta</span> <span class='ocrx_word' id='word_1_62' title='bbox 283 833 403 871; x_wconf 87' lang='lat' dir='ltr'>sunt.</span> <span class='ocrx_word' id='word_1_63' title='bbox 436 833 613 870; x_wconf 82' lang='lat' dir='ltr'>fauente</span> <span class='ocrx_word' id='word_1_64' title='bbox 643 831 837 882; x_wconf 74' lang='lat' dir='ltr'>Spiritus</span> <span class='ocrx_word' id='word_1_65' title='bbox 866 831 1016 871; x_wconf 81' lang='lat' dir='ltr'>Sancti</span> <span class='ocrx_word' id='word_1_66' title='bbox 1048 832 1206 879; x_wconf 64' lang='lat' dir='ltr'>gratia,</span> <span class='ocrx_word' id='word_1_67' title='bbox 1232 834 1321 871; x_wconf 87' lang='lat' dir='ltr'>tum</span> <span class='ocrx_word' id='word_1_68' title='bbox 1355 832 1408 870; x_wconf 88' lang='lat' dir='ltr'>de</span> <span class='ocrx_word' id='word_1_69' title='bbox 1440 831 1696 871; x_wconf 88' lang='lat' dir='ltr'>ualetudine</span> <span class='ocrx_word' id='word_1_70' title='bbox 1726 843 1796 870; x_wconf 91' lang='lat' dir='ltr'>eo-</span> 
     </span>
     <span class='ocr_line' id='line_1_9' title="bbox 159 896 1796 948; baseline 0.001 -13"><span class='ocrx_word' id='word_1_71' title='bbox 159 896 356 935; x_wconf 89' lang='lat' dir='ltr'>rumdem</span> <span class='ocrx_word' id='word_1_72' title='bbox 387 909 412 935; x_wconf 87' lang='lat' dir='ltr'>a</span> <span class='ocrx_word' id='word_1_73' title='bbox 444 908 593 936; x_wconf 90' lang='lat' dir='ltr'>mense</span> <span class='ocrx_word' id='word_1_74' title='bbox 623 897 859 947; x_wconf 70' lang='lat' dir='ltr'>septembri</span> <span class='ocrx_word' id='word_1_75' title='bbox 893 909 982 948; x_wconf 79' lang='lat' dir='ltr'>quo</span> <span class='ocrx_word' id='word_1_76' title='bbox 1012 898 1065 936; x_wconf 87' lang='lat' dir='ltr'>ad</span> <span class='ocrx_word' id='word_1_77' title='bbox 1098 900 1138 936; x_wconf 89' lang='lat' dir='ltr'>te</span> <span class='ocrx_word' id='word_1_78' title='bbox 1172 898 1397 948; x_wconf 78' lang='lat' dir='ltr'>proximae</span> <span class='ocrx_word' id='word_1_79' title='bbox 1427 897 1556 936; x_wconf 81' lang='lat' dir='ltr'>datae</span> <span class='ocrx_word' id='word_1_80' title='bbox 1582 899 1700 946; x_wconf 79' lang='lat' dir='ltr'>sunt,</span> <span class='ocrx_word' id='word_1_81' title='bbox 1724 909 1796 936; x_wconf 89' lang='lat' dir='ltr'>us—</span> 
     </span>
     <span class='ocr_line' id='line_1_10' title="bbox 156 961 1793 1014; baseline 0.001 -14"><span class='ocrx_word' id='word_1_82' title='bbox 156 973 241 1013; x_wconf 86' lang='lat' dir='ltr'>que</span> <span class='ocrx_word' id='word_1_83' title='bbox 272 962 418 1001; x_wconf 85' lang='lat' dir='ltr'>modo.</span> <span class='ocrx_word' id='word_1_84' title='bbox 451 961 615 1002; x_wconf 80' lang='lat' dir='ltr'>Omnes</span> <span class='ocrx_word' id='word_1_85' title='bbox 643 962 719 1013; x_wconf 84' lang='lat' dir='ltr'>qui</span> <span class='ocrx_word' id='word_1_86' title='bbox 756 963 801 1001; x_wconf 93' lang='lat' dir='ltr'>in</span> <span class='ocrx_word' id='word_1_87' title='bbox 840 963 924 1002; x_wconf 85' lang='lat' dir='ltr'>hac</span> <span class='ocrx_word' id='word_1_88' title='bbox 966 963 1059 1002; x_wconf 89' lang='lat' dir='ltr'>diui</span> <span class='ocrx_word' id='word_1_89' title='bbox 1108 963 1244 1013; x_wconf 80' lang='lat' dir='ltr'>Hochj</span> <span class='ocrx_word' id='word_1_90' title='bbox 1292 963 1424 1002; x_wconf 88' lang='lat' dir='ltr'>domo</span> <span class='ocrx_word' id='word_1_91' title='bbox 1467 963 1658 1014; x_wconf 80' lang='lat' dir='ltr'>agimus,</span> <span class='ocrx_word' id='word_1_92' title='bbox 1700 965 1793 1002; x_wconf 89' lang='lat' dir='ltr'>tum</span> 
     </span>
     <span class='ocr_line' id='line_1_11' title="bbox 156 1029 1796 1079; baseline 0.001 -13"><span class='ocrx_word' id='word_1_93' title='bbox 156 1029 407 1068; x_wconf 83' lang='lat' dir='ltr'>sacerdotes</span> <span class='ocrx_word' id='word_1_94' title='bbox 438 1041 622 1068; x_wconf 89' lang='lat' dir='ltr'>numero</span> <span class='ocrx_word' id='word_1_95' title='bbox 654 1030 717 1073; x_wconf 77' lang='lat'>17,</span> <span class='ocrx_word' id='word_1_96' title='bbox 750 1031 842 1068; x_wconf 83' lang='lat' dir='ltr'>tun]</span> <span class='ocrx_word' id='word_1_97' title='bbox 874 1029 949 1079; x_wconf 83' lang='lat' dir='ltr'>qui</span> <span class='ocrx_word' id='word_1_98' title='bbox 981 1029 1121 1068; x_wconf 87' lang='lat' dir='ltr'>sacris</span> <span class='ocrx_word' id='word_1_99' title='bbox 1152 1029 1315 1078; x_wconf 84' lang='lat' dir='ltr'>initiatj</span> <span class='ocrx_word' id='word_1_100' title='bbox 1351 1041 1439 1068; x_wconf 90' lang='lat' dir='ltr'>non</span> <span class='ocrx_word' id='word_1_101' title='bbox 1471 1031 1577 1068; x_wconf 88' lang='lat' dir='ltr'>suut</span> <span class='ocrx_word' id='word_1_102' title='bbox 1610 1030 1675 1075; x_wconf 76' lang='lat'>30,</span> <span class='ocrx_word' id='word_1_103' title='bbox 1709 1041 1796 1068; x_wconf 91' lang='lat' dir='ltr'>me-</span> 
     </span>
     <span class='ocr_line' id='line_1_12' title="bbox 154 1094 1795 1146; baseline 0.001 -13"><span class='ocrx_word' id='word_1_104' title='bbox 154 1094 363 1133; x_wconf 85' lang='lat' dir='ltr'>diocriter</span> <span class='ocrx_word' id='word_1_105' title='bbox 395 1094 566 1133; x_wconf 88' lang='lat' dir='ltr'>ualent:</span> <span class='ocrx_word' id='word_1_106' title='bbox 603 1094 895 1135; x_wconf 87' lang='lat' dir='ltr'>mediocriter.</span> <span class='ocrx_word' id='word_1_107' title='bbox 929 1095 1127 1146; x_wconf 82' lang='lat' dir='ltr'>inquam.</span> <span class='ocrx_word' id='word_1_108' title='bbox 1165 1095 1270 1145; x_wconf 84' lang='lat' dir='ltr'>quia</span> <span class='ocrx_word' id='word_1_109' title='bbox 1307 1095 1461 1134; x_wconf 88' lang='lat' dir='ltr'>nullus</span> <span class='ocrx_word' id='word_1_110' title='bbox 1490 1097 1571 1137; x_wconf 76' lang='lat' dir='ltr'>est.</span> <span class='ocrx_word' id='word_1_111' title='bbox 1595 1094 1795 1134; x_wconf 85' lang='lat' dir='ltr'>sacerdo-</span> 
     </span>
     <span class='ocr_line' id='line_1_13' title="bbox 156 1160 1796 1211; baseline 0.001 -13"><span class='ocrx_word' id='word_1_112' title='bbox 156 1162 247 1198; x_wconf 88' lang='lat' dir='ltr'>tum</span> <span class='ocrx_word' id='word_1_113' title='bbox 282 1160 486 1200; x_wconf 76' lang='lat' dir='ltr'>maxime.</span> <span class='ocrx_word' id='word_1_114' title='bbox 518 1160 594 1211; x_wconf 87' lang='lat' dir='ltr'>qui</span> <span class='ocrx_word' id='word_1_115' title='bbox 628 1163 804 1211; x_wconf 90' lang='lat' dir='ltr'>propter</span> <span class='ocrx_word' id='word_1_116' title='bbox 835 1161 1184 1200; x_wconf 77' lang='lat' dir='ltr'>imbecillitatem</span> <span class='ocrx_word' id='word_1_117' title='bbox 1215 1162 1437 1200; x_wconf 84' lang='lat' dir='ltr'>sustinere</span> <span class='ocrx_word' id='word_1_118' title='bbox 1467 1163 1639 1200; x_wconf 88' lang='lat' dir='ltr'>tantum</span> <span class='ocrx_word' id='word_1_119' title='bbox 1680 1173 1796 1201; x_wconf 89' lang='lat' dir='ltr'>onus</span> 
     </span>
     <span class='ocr_line' id='line_1_14' title="bbox 157 1225 1795 1276; baseline 0.001 -13"><span class='ocrx_word' id='word_1_120' title='bbox 157 1225 315 1275; x_wconf 85' lang='lat' dir='ltr'>possit:</span> <span class='ocrx_word' id='word_1_121' title='bbox 349 1225 442 1275; x_wconf 77' lang='lat' dir='ltr'>qui.</span> <span class='ocrx_word' id='word_1_122' title='bbox 475 1225 573 1264; x_wconf 89' lang='lat' dir='ltr'>licet</span> <span class='ocrx_word' id='word_1_123' title='bbox 608 1225 719 1264; x_wconf 83' lang='lat' dir='ltr'>lecto</span> <span class='ocrx_word' id='word_1_124' title='bbox 751 1238 839 1264; x_wconf 91' lang='lat' dir='ltr'>non</span> <span class='ocrx_word' id='word_1_125' title='bbox 870 1226 1171 1272; x_wconf 72' lang='lat' dir='ltr'>detineantur,</span> <span class='ocrx_word' id='word_1_126' title='bbox 1205 1228 1351 1265; x_wconf 88' lang='lat' dir='ltr'>tamen</span> <span class='ocrx_word' id='word_1_127' title='bbox 1390 1228 1651 1276; x_wconf 86' lang='lat' dir='ltr'>premuntur</span> <span class='ocrx_word' id='word_1_128' title='bbox 1690 1238 1795 1276; x_wconf 90' lang='lat' dir='ltr'>pon-</span> 
     </span>
     <span class='ocr_line' id='line_1_15' title="bbox 155 1290 1793 1341; baseline 0.001 -12"><span class='ocrx_word' id='word_1_129' title='bbox 155 1290 256 1329; x_wconf 84' lang='lat' dir='ltr'>dere</span> <span class='ocrx_word' id='word_1_130' title='bbox 285 1291 645 1341; x_wconf 73' lang='lat' dir='ltr'>occupationum.</span> <span class='ocrx_word' id='word_1_131' title='bbox 678 1293 716 1330; x_wconf 92' lang='lat' dir='ltr'>et</span> <span class='ocrx_word' id='word_1_132' title='bbox 751 1291 837 1330; x_wconf 88' lang='lat' dir='ltr'>nisi</span> <span class='ocrx_word' id='word_1_133' title='bbox 871 1291 1190 1341; x_wconf 75' lang='lat' dir='ltr'>pharmaclium</span> <span class='ocrx_word' id='word_1_134' title='bbox 1226 1292 1385 1331; x_wconf 87' lang='lat' dir='ltr'>harum</span> <span class='ocrx_word' id='word_1_135' title='bbox 1426 1291 1793 1331; x_wconf 76' lang='lat' dir='ltr'>exercitationum</span> 
     </span>
     <span class='ocr_line' id='line_1_16' title="bbox 156 1355 1793 1408; baseline 0.001 -14"><span class='ocrx_word' id='word_1_136' title='bbox 156 1355 360 1395; x_wconf 87' lang='lat' dir='ltr'>Christus</span> <span class='ocrx_word' id='word_1_137' title='bbox 386 1356 485 1406; x_wconf 82' lang='lat' dir='ltr'>Opt.</span> <span class='ocrx_word' id='word_1_138' title='bbox 511 1356 623 1395; x_wconf 80' lang='lat' dir='ltr'>Max.</span> <span class='ocrx_word' id='word_1_139' title='bbox 657 1356 890 1396; x_wconf 86' lang='lat' dir='ltr'>‹leliuisset</span> <span class='ocrx_word' id='word_1_140' title='bbox 910 1359 951 1396; x_wconf 91' lang='lat' dir='ltr'>et</span> <span class='ocrx_word' id='word_1_141' title='bbox 979 1357 1227 1408; x_wconf 82' lang='lat' dir='ltr'>mitigasset</span> <span class='ocrx_word' id='word_1_142' title='bbox 1256 1357 1480 1396; x_wconf 86' lang='lat' dir='ltr'>suauitate</span> <span class='ocrx_word' id='word_1_143' title='bbox 1511 1357 1581 1396; x_wconf 91' lang='lat' dir='ltr'>sui</span> <span class='ocrx_word' id='word_1_144' title='bbox 1611 1357 1793 1404; x_wconf 75' lang='lat' dir='ltr'>amoris,</span> 
     </span>
     <span class='ocr_line' id='line_1_17' title="bbox 155 1421 1796 1473; baseline 0.001 -13"><span class='ocrx_word' id='word_1_145' title='bbox 155 1434 245 1460; x_wconf 80' lang='lat' dir='ltr'>non</span> <span class='ocrx_word' id='word_1_146' title='bbox 275 1421 477 1461; x_wconf 86' lang='lat' dir='ltr'>dubium.</span> <span class='ocrx_word' id='word_1_147' title='bbox 510 1422 620 1472; x_wconf 86' lang='lat' dir='ltr'>quin</span> <span class='ocrx_word' id='word_1_148' title='bbox 652 1422 850 1473; x_wconf 87' lang='lat' dir='ltr'>undique</span> <span class='ocrx_word' id='word_1_149' title='bbox 879 1424 1244 1462; x_wconf 88' lang='lat' dir='ltr'>succumberetur</span> <span class='ocrx_word' id='word_1_150' title='bbox 1263 1423 1402 1462; x_wconf 87' lang='lat' dir='ltr'>oneri.</span> <span class='ocrx_word' id='word_1_151' title='bbox 1427 1423 1539 1463; x_wconf 82' lang='lat' dir='ltr'>Sunt</span> <span class='ocrx_word' id='word_1_152' title='bbox 1570 1423 1688 1462; x_wconf 88' lang='lat' dir='ltr'>enim</span> <span class='ocrx_word' id='word_1_153' title='bbox 1721 1435 1796 1473; x_wconf 88' lang='lat' dir='ltr'>per</span> 
     </span>
     <span class='ocr_line' id='line_1_18' title="bbox 155 1487 1796 1538; baseline 0.001 -12"><span class='ocrx_word' id='word_1_154' title='bbox 155 1487 293 1527; x_wconf 87' lang='lat' dir='ltr'>multa</span> <span class='ocrx_word' id='word_1_155' title='bbox 326 1487 371 1526; x_wconf 90' lang='lat' dir='ltr'>in</span> <span class='ocrx_word' id='word_1_156' title='bbox 404 1487 485 1527; x_wconf 84' lang='lat' dir='ltr'>hac</span> <span class='ocrx_word' id='word_1_157' title='bbox 514 1487 696 1527; x_wconf 85' lang='lat' dir='ltr'>ciuitate</span> <span class='ocrx_word' id='word_1_158' title='bbox 725 1500 838 1538; x_wconf 83' lang='lat' dir='ltr'>quae</span> <span class='ocrx_word' id='word_1_159' title='bbox 869 1488 915 1527; x_wconf 91' lang='lat' dir='ltr'>in</span> <span class='ocrx_word' id='word_1_160' title='bbox 946 1488 1112 1527; x_wconf 85' lang='lat' dir='ltr'>nostris</span> <span class='ocrx_word' id='word_1_161' title='bbox 1135 1488 1372 1528; x_wconf 84' lang='lat' dir='ltr'>firmiorem</span> <span class='ocrx_word' id='word_1_162' title='bbox 1405 1488 1707 1528; x_wconf 85' lang='lat' dir='ltr'>ualetudinem</span> <span class='ocrx_word' id='word_1_163' title='bbox 1732 1488 1796 1527; x_wconf 90' lang='lat' dir='ltr'>ui-</span> 
     </span>
     <span class='ocr_line' id='line_1_19' title="bbox 156 1553 1793 1605; baseline 0.001 -14"><span class='ocrx_word' id='word_1_164' title='bbox 156 1565 312 1604; x_wconf 83' lang='lat' dir='ltr'>resque</span> <span class='ocrx_word' id='word_1_165' title='bbox 343 1553 586 1603; x_wconf 76' lang='lat' dir='ltr'>requirant.</span> <span class='ocrx_word' id='word_1_166' title='bbox 619 1553 784 1604; x_wconf 83' lang='lat' dir='ltr'>quibus</span> <span class='ocrx_word' id='word_1_167' title='bbox 816 1566 902 1592; x_wconf 90' lang='lat' dir='ltr'>non</span> <span class='ocrx_word' id='word_1_168' title='bbox 937 1554 1097 1604; x_wconf 84' lang='lat' dir='ltr'>poterit</span> <span class='ocrx_word' id='word_1_169' title='bbox 1126 1554 1350 1602; x_wconf 77' lang='lat' dir='ltr'>satisfieri,</span> <span class='ocrx_word' id='word_1_170' title='bbox 1384 1554 1469 1594; x_wconf 86' lang='lat' dir='ltr'>nisi</span> <span class='ocrx_word' id='word_1_171' title='bbox 1515 1554 1591 1605; x_wconf 86' lang='lat' dir='ltr'>qui</span> <span class='ocrx_word' id='word_1_172' title='bbox 1636 1554 1681 1593; x_wconf 87' lang='lat' dir='ltr'>id</span> <span class='ocrx_word' id='word_1_173' title='bbox 1724 1566 1793 1593; x_wconf 86' lang='lat' dir='ltr'>co-</span> 
     </span>
     <span class='ocr_line' id='line_1_20' title="bbox 156 1618 1793 1669; baseline 0.001 -12"><span class='ocrx_word' id='word_1_174' title='bbox 156 1621 334 1661; x_wconf 71' lang='lat' dir='ltr'>nantur.</span> <span class='ocrx_word' id='word_1_175' title='bbox 367 1630 465 1657; x_wconf 72' lang='lat' dir='ltr'>cum</span> <span class='ocrx_word' id='word_1_176' title='bbox 515 1619 589 1657; x_wconf 85' lang='lat' dir='ltr'>Dei</span> <span class='ocrx_word' id='word_1_177' title='bbox 635 1618 793 1669; x_wconf 76' lang='lat' dir='ltr'>gratia.</span> <span class='ocrx_word' id='word_1_178' title='bbox 827 1621 918 1658; x_wconf 88' lang='lat' dir='ltr'>tum</span> <span class='ocrx_word' id='word_1_179' title='bbox 967 1619 1217 1658; x_wconf 85' lang='lat' dir='ltr'>ualitudine</span> <span class='ocrx_word' id='word_1_180' title='bbox 1252 1620 1415 1659; x_wconf 88' lang='lat' dir='ltr'>fuerint</span> <span class='ocrx_word' id='word_1_181' title='bbox 1461 1619 1647 1669; x_wconf 74' lang='lat' dir='ltr'>robusti.</span> <span class='ocrx_word' id='word_1_182' title='bbox 1686 1619 1793 1658; x_wconf 73' lang='lat' dir='ltr'>Vota</span> 
     </span>
     <span class='ocr_line' id='line_1_21' title="bbox 155 1684 1791 1735; baseline 0.001 -13"><span class='ocrx_word' id='word_1_183' title='bbox 155 1686 469 1734; x_wconf 76' lang='lat' dir='ltr'>nuncuparunt</span> <span class='ocrx_word' id='word_1_184' title='bbox 504 1684 546 1722; x_wconf 90' lang='lat' dir='ltr'>in</span> <span class='ocrx_word' id='word_1_185' title='bbox 579 1686 731 1723; x_wconf 87' lang='lat' dir='ltr'>nostra</span> <span class='ocrx_word' id='word_1_186' title='bbox 761 1685 946 1724; x_wconf 83' lang='lat' dir='ltr'>ecclesia</span> <span class='ocrx_word' id='word_1_187' title='bbox 979 1685 1229 1735; x_wconf 87' lang='lat' dir='ltr'>praeteritis</span> <span class='ocrx_word' id='word_1_188' title='bbox 1272 1685 1430 1724; x_wconf 85' lang='lat' dir='ltr'>diebus</span> <span class='ocrx_word' id='word_1_189' title='bbox 1473 1685 1627 1724; x_wconf 86' lang='lat' dir='ltr'>doc-tor</span> <span class='ocrx_word' id='word_1_190' title='bbox 1660 1684 1791 1725; x_wconf 84' lang='lat' dir='ltr'>Geor-</span> 
     </span>
     <span class='ocr_line' id='line_1_22' title="bbox 154 1748 1791 1801; baseline 0.002 -14"><span class='ocrx_word' id='word_1_191' title='bbox 154 1749 255 1797; x_wconf 61' lang='lat' dir='ltr'>gius</span> <span class='ocrx_word' id='word_1_192' title='bbox 298 1748 529 1797; x_wconf 79' lang='lat' dir='ltr'>Serranus,</span> <span class='ocrx_word' id='word_1_193' title='bbox 561 1750 635 1800; x_wconf 80' lang='lat' dir='ltr'>quj</span> <span class='ocrx_word' id='word_1_194' title='bbox 669 1750 939 1801; x_wconf 75' lang='lat' dir='ltr'>theologiam</span> <span class='ocrx_word' id='word_1_195' title='bbox 972 1750 1017 1789; x_wconf 89' lang='lat' dir='ltr'>in</span> <span class='ocrx_word' id='word_1_196' title='bbox 1048 1750 1250 1799; x_wconf 76' lang='lat' dir='ltr'>eborensi</span> <span class='ocrx_word' id='word_1_197' title='bbox 1284 1751 1511 1790; x_wconf 75' lang='lat' dir='ltr'>academia</span> <span class='ocrx_word' id='word_1_198' title='bbox 1546 1752 1791 1800; x_wconf 74' lang='lat' dir='ltr'>profitetur.</span> 
     </span>
     <span class='ocr_line' id='line_1_23' title="bbox 153 1814 1794 1867; baseline 0.001 -14"><span class='ocrx_word' id='word_1_199' title='bbox 153 1817 192 1853; x_wconf 87' lang='lat' dir='ltr'>et</span> <span class='ocrx_word' id='word_1_200' title='bbox 225 1815 411 1854; x_wconf 80' lang='lat' dir='ltr'>Michacl</span> <span class='ocrx_word' id='word_1_201' title='bbox 442 1815 495 1854; x_wconf 85' lang='lat' dir='ltr'>de</span> <span class='ocrx_word' id='word_1_202' title='bbox 525 1814 683 1854; x_wconf 85' lang='lat' dir='ltr'>Sousa.</span> <span class='ocrx_word' id='word_1_203' title='bbox 715 1816 786 1855; x_wconf 87' lang='lat' dir='ltr'>cui</span> <span class='ocrx_word' id='word_1_204' title='bbox 817 1815 1054 1855; x_wconf 85' lang='lat' dir='ltr'>commissa</span> <span class='ocrx_word' id='word_1_205' title='bbox 1078 1816 1269 1867; x_wconf 73' lang='lat' dir='ltr'>regenda</span> <span class='ocrx_word' id='word_1_206' title='bbox 1291 1816 1478 1867; x_wconf 75' lang='lat' dir='ltr'>collegia</span> <span class='ocrx_word' id='word_1_207' title='bbox 1509 1816 1598 1855; x_wconf 86' lang='lat' dir='ltr'>duo</span> <span class='ocrx_word' id='word_1_208' title='bbox 1627 1815 1794 1855; x_wconf 88' lang='lat' dir='ltr'>conim-</span> 
     </span>
     <span class='ocr_line' id='line_1_24' title="bbox 154 1881 1795 1932; baseline 0.001 -13"><span class='ocrx_word' id='word_1_209' title='bbox 154 1881 374 1920; x_wconf 85' lang='lat' dir='ltr'>bricensia</span> <span class='ocrx_word' id='word_1_210' title='bbox 407 1884 434 1923; x_wconf 67' lang='lat'>1.</span> <span class='ocrx_word' id='word_1_211' title='bbox 467 1881 632 1932; x_wconf 83' lang='lat' dir='ltr'>quibus</span> <span class='ocrx_word' id='word_1_212' title='bbox 663 1881 985 1920; x_wconf 77' lang='lat' dir='ltr'>incredibiliter</span> <span class='ocrx_word' id='word_1_213' title='bbox 1014 1881 1246 1921; x_wconf 77' lang='lat' dir='ltr'>satisfacit.</span> <span class='ocrx_word' id='word_1_214' title='bbox 1282 1882 1335 1931; x_wconf 65' lang='grc' dir='ltr'>Η]</span> <span class='ocrx_word' id='word_1_215' title='bbox 1369 1882 1564 1921; x_wconf 86' lang='lat' dir='ltr'>ostiatim</span> <span class='ocrx_word' id='word_1_216' title='bbox 1609 1882 1795 1921; x_wconf 90' lang='lat' dir='ltr'>eleemo-</span> 
     </span>
     <span class='ocr_line' id='line_1_25' title="bbox 154 1947 1794 1998; baseline 0.001 -13"><span class='ocrx_word' id='word_1_217' title='bbox 154 1947 297 1985; x_wconf 87' lang='lat' dir='ltr'>sinam</span> <span class='ocrx_word' id='word_1_218' title='bbox 333 1959 406 1997; x_wconf 89' lang='lat' dir='ltr'>per</span> <span class='ocrx_word' id='word_1_219' title='bbox 436 1949 572 1986; x_wconf 85' lang='lat' dir='ltr'>totam</span> <span class='ocrx_word' id='word_1_220' title='bbox 620 1949 770 1986; x_wconf 87' lang='lat' dir='ltr'>urbem</span> <span class='ocrx_word' id='word_1_221' title='bbox 817 1947 1122 1986; x_wconf 76' lang='lat' dir='ltr'>mendicantes</span> <span class='ocrx_word' id='word_1_222' title='bbox 1157 1948 1494 1998; x_wconf 76' lang='lat' dir='ltr'>quaesiuerunt,</span> <span class='ocrx_word' id='word_1_223' title='bbox 1526 1960 1611 1998; x_wconf 83' lang='lat' dir='ltr'>qua</span> <span class='ocrx_word' id='word_1_224' title='bbox 1659 1948 1703 1986; x_wconf 93' lang='lat' dir='ltr'>in</span> <span class='ocrx_word' id='word_1_225' title='bbox 1749 1959 1794 1987; x_wconf 92' lang='lat' dir='ltr'>re</span> 
     </span>
     <span class='ocr_line' id='line_1_26' title="bbox 154 2012 1792 2063; baseline 0.001 -12"><span class='ocrx_word' id='word_1_226' title='bbox 154 2024 243 2051; x_wconf 93' lang='lat' dir='ltr'>non</span> <span class='ocrx_word' id='word_1_227' title='bbox 278 2012 538 2051; x_wconf 86' lang='lat' dir='ltr'>mediocrem</span> <span class='ocrx_word' id='word_1_228' title='bbox 572 2014 761 2052; x_wconf 84' lang='lat' dir='ltr'>fructum</span> <span class='ocrx_word' id='word_1_229' title='bbox 808 2015 849 2051; x_wconf 91' lang='lat' dir='ltr'>et</span> <span class='ocrx_word' id='word_1_230' title='bbox 895 2013 981 2052; x_wconf 90' lang='lat' dir='ltr'>sibi</span> <span class='ocrx_word' id='word_1_231' title='bbox 1025 2015 1068 2051; x_wconf 76' lang='lat' dir='ltr'>et</span> <span class='ocrx_word' id='word_1_232' title='bbox 1112 2013 1324 2052; x_wconf 84' lang='lat' dir='ltr'>uniuerso</span> <span class='ocrx_word' id='word_1_233' title='bbox 1369 2013 1518 2063; x_wconf 78' lang='lat' dir='ltr'>generi</span> <span class='ocrx_word' id='word_1_234' title='bbox 1560 2013 1792 2052; x_wconf 84' lang='lat' dir='ltr'>hominum</span> 
     </span>
     <span class='ocr_line' id='line_1_27' title="bbox 153 2078 1793 2129; baseline 0.001 -13"><span class='ocrx_word' id='word_1_235' title='bbox 153 2078 228 2128; x_wconf 81' lang='lat' dir='ltr'>qui</span> <span class='ocrx_word' id='word_1_236' title='bbox 262 2078 305 2116; x_wconf 90' lang='lat' dir='ltr'>in</span> <span class='ocrx_word' id='word_1_237' title='bbox 339 2078 420 2117; x_wconf 89' lang='lat' dir='ltr'>hac</span> <span class='ocrx_word' id='word_1_238' title='bbox 453 2078 559 2117; x_wconf 89' lang='lat' dir='ltr'>urbe</span> <span class='ocrx_word' id='word_1_239' title='bbox 590 2080 709 2118; x_wconf 87' lang='lat' dir='ltr'>sunt.</span> <span class='ocrx_word' id='word_1_240' title='bbox 743 2078 1032 2129; x_wconf 78' lang='lat' dir='ltr'>collegerunt.</span> <span class='ocrx_word' id='word_1_241' title='bbox 1067 2078 1176 2118; x_wconf 87' lang='lat' dir='ltr'>Cum</span> <span class='ocrx_word' id='word_1_242' title='bbox 1207 2078 1325 2118; x_wconf 88' lang='lat' dir='ltr'>enim</span> <span class='ocrx_word' id='word_1_243' title='bbox 1361 2081 1539 2129; x_wconf 88' lang='lat' dir='ltr'>propter</span> <span class='ocrx_word' id='word_1_244' title='bbox 1583 2079 1793 2118; x_wconf 85' lang='lat' dir='ltr'>nobilita-</span> 
     </span>
     <span class='ocr_line' id='line_1_28' title="bbox 154 2142 1791 2195; baseline 0.001 -14"><span class='ocrx_word' id='word_1_245' title='bbox 154 2145 239 2181; x_wconf 84' lang='lat' dir='ltr'>tem</span> <span class='ocrx_word' id='word_1_246' title='bbox 270 2145 309 2181; x_wconf 89' lang='lat' dir='ltr'>et</span> <span class='ocrx_word' id='word_1_247' title='bbox 341 2142 747 2193; x_wconf 66' lang='lat' dir='ltr'>consaguinitatem</span> <span class='ocrx_word' id='word_1_248' title='bbox 778 2143 943 2194; x_wconf 86' lang='lat' dir='ltr'>quibus</span> <span class='ocrx_word' id='word_1_249' title='bbox 976 2144 1140 2182; x_wconf 88' lang='lat' dir='ltr'>multos</span> <span class='ocrx_word' id='word_1_250' title='bbox 1170 2144 1465 2195; x_wconf 71' lang='lat' dir='ltr'>attingebant.</span> <span class='ocrx_word' id='word_1_251' title='bbox 1499 2143 1593 2183; x_wconf 87' lang='lat' dir='ltr'>noti</span> <span class='ocrx_word' id='word_1_252' title='bbox 1628 2148 1791 2184; x_wconf 85' lang='lat' dir='ltr'>essent.</span> 
     </span>
     <span class='ocr_line' id='line_1_29' title="bbox 152 2208 1792 2260; baseline 0.001 -14"><span class='ocrx_word' id='word_1_253' title='bbox 152 2210 246 2247; x_wconf 84' lang='lat' dir='ltr'>tum</span> <span class='ocrx_word' id='word_1_254' title='bbox 278 2208 473 2247; x_wconf 86' lang='lat' dir='ltr'>notiores</span> <span class='ocrx_word' id='word_1_255' title='bbox 503 2211 545 2247; x_wconf 71' lang='lat' dir='ltr'>et,</span> <span class='ocrx_word' id='word_1_256' title='bbox 576 2208 819 2248; x_wconf 88' lang='lat' dir='ltr'>nobiliores</span> <span class='ocrx_word' id='word_1_257' title='bbox 849 2221 895 2247; x_wconf 87' lang='lat' dir='ltr'>se</span> <span class='ocrx_word' id='word_1_258' title='bbox 925 2210 971 2248; x_wconf 90' lang='lat' dir='ltr'>in</span> <span class='ocrx_word' id='word_1_259' title='bbox 1001 2221 1133 2260; x_wconf 87' lang='lat' dir='ltr'>opere</span> <span class='ocrx_word' id='word_1_260' title='bbox 1154 2209 1336 2248; x_wconf 88' lang='lat' dir='ltr'>uirtutis</span> <span class='ocrx_word' id='word_1_261' title='bbox 1357 2209 1685 2249; x_wconf 82' lang='lat' dir='ltr'>exhibuerunt:</span> <span class='ocrx_word' id='word_1_262' title='bbox 1719 2221 1792 2248; x_wconf 92' lang='lat' dir='ltr'>ne-</span> 
     </span>
     <span class='ocr_line' id='line_1_30' title="bbox 153 2273 1791 2323; baseline 0.001 -11"><span class='ocrx_word' id='word_1_263' title='bbox 153 2285 238 2323; x_wconf 86' lang='lat' dir='ltr'>que</span> <span class='ocrx_word' id='word_1_264' title='bbox 267 2273 397 2312; x_wconf 82' lang='lat' dir='ltr'>etiam</span> <span class='ocrx_word' id='word_1_265' title='bbox 431 2273 526 2312; x_wconf 86' lang='lat' dir='ltr'>sine</span> <span class='ocrx_word' id='word_1_266' title='bbox 566 2275 709 2313; x_wconf 82' lang='lat' dir='ltr'>fructu</span> <span class='ocrx_word' id='word_1_267' title='bbox 757 2274 966 2313; x_wconf 87' lang='lat' dir='ltr'>mediocri</span> <span class='ocrx_word' id='word_1_268' title='bbox 999 2286 1143 2313; x_wconf 86' lang='lat' dir='ltr'>rerum</span> <span class='ocrx_word' id='word_1_269' title='bbox 1174 2281 1192 2299; x_wconf 66' lang='lat' dir='ltr'>a</span> <span class='ocrx_word' id='word_1_270' title='bbox 1224 2274 1574 2313; x_wconf 83' lang='lat' dir='ltr'>necessariarum</span> <span class='ocrx_word' id='word_1_271' title='bbox 1619 2276 1791 2313; x_wconf 89' lang='lat' dir='ltr'>tantum</span> 
     </span>
     <span class='ocr_line' id='line_1_31' title="bbox 155 2339 1790 2388; baseline 0.001 -12"><span class='ocrx_word' id='word_1_272' title='bbox 155 2341 427 2388; x_wconf 83' lang='lat' dir='ltr'>perfecerunt</span> <span class='ocrx_word' id='word_1_273' title='bbox 473 2339 746 2378; x_wconf 84' lang='lat' dir='ltr'>exercitium.</span> <span class='ocrx_word' id='word_1_274' title='bbox 782 2339 905 2378; x_wconf 77' lang='lat' dir='ltr'>Alter</span> <span class='ocrx_word' id='word_1_275' title='bbox 948 2340 1083 2381; x_wconf 75' lang='lat' dir='ltr'>enim,</span> <span class='ocrx_word' id='word_1_276' title='bbox 1116 2339 1303 2379; x_wconf 84' lang='lat' dir='ltr'>Michael</span> <span class='ocrx_word' id='word_1_277' title='bbox 1334 2340 1503 2379; x_wconf 86' lang='lat' dir='ltr'>scilicet</span> <span class='ocrx_word' id='word_1_278' title='bbox 1546 2340 1598 2379; x_wconf 88' lang='lat' dir='ltr'>de</span> <span class='ocrx_word' id='word_1_279' title='bbox 1633 2339 1790 2386; x_wconf 73' lang='lat' dir='ltr'>Sousa,</span> 
     </span>
     <span class='ocr_line' id='line_1_32' title="bbox 153 2405 1791 2456; baseline 0.001 -13"><span class='ocrx_word' id='word_1_280' title='bbox 153 2416 233 2443; x_wconf 89' lang='lat' dir='ltr'>nec</span> <span class='ocrx_word' id='word_1_281' title='bbox 263 2416 406 2455; x_wconf 78' lang='lat' dir='ltr'>regem</span> <span class='ocrx_word' id='word_1_282' title='bbox 446 2416 524 2444; x_wconf 88' lang='lat' dir='ltr'>nec</span> <span class='ocrx_word' id='word_1_283' title='bbox 568 2405 765 2455; x_wconf 80' lang='lat' dir='ltr'>reginam</span> <span class='ocrx_word' id='word_1_284' title='bbox 811 2417 890 2444; x_wconf 85' lang='lat' dir='ltr'>nec</span> <span class='ocrx_word' id='word_1_285' title='bbox 935 2405 1173 2456; x_wconf 77' lang='lat' dir='ltr'>principes.</span> <span class='ocrx_word' id='word_1_286' title='bbox 1206 2417 1286 2444; x_wconf 81' lang='lat' dir='ltr'>nec.</span> <span class='ocrx_word' id='word_1_287' title='bbox 1329 2405 1443 2444; x_wconf 88' lang='lat' dir='ltr'>alios</span> <span class='ocrx_word' id='word_1_288' title='bbox 1487 2405 1624 2445; x_wconf 87' lang='lat' dir='ltr'>huius</span> <span class='ocrx_word' id='word_1_289' title='bbox 1668 2405 1791 2456; x_wconf 82' lang='lat' dir='ltr'>regni</span> 
     </span>
     <span class='ocr_line' id='line_1_33' title="bbox 155 2470 1789 2521; baseline 0.001 -13"><span class='ocrx_word' id='word_1_290' title='bbox 155 2482 354 2519; x_wconf 83' lang='lat' dir='ltr'>proceres</span> <span class='ocrx_word' id='word_1_291' title='bbox 387 2470 696 2520; x_wconf 73' lang='lat' dir='ltr'>praetermisit,</span> <span class='ocrx_word' id='word_1_292' title='bbox 729 2470 839 2521; x_wconf 87' lang='lat' dir='ltr'>quin</span> <span class='ocrx_word' id='word_1_293' title='bbox 869 2471 1024 2510; x_wconf 82' lang='lat' dir='ltr'>adiret.</span> <span class='ocrx_word' id='word_1_294' title='bbox 1058 2471 1133 2521; x_wconf 80' lang='lat' dir='ltr'>qui</span> <span class='ocrx_word' id='word_1_295' title='bbox 1166 2471 1213 2510; x_wconf 91' lang='lat' dir='ltr'>in</span> <span class='ocrx_word' id='word_1_296' title='bbox 1242 2483 1291 2510; x_wconf 86' lang='lat' dir='ltr'>ea</span> <span class='ocrx_word' id='word_1_297' title='bbox 1325 2471 1449 2510; x_wconf 89' lang='lat' dir='ltr'>urbis</span> <span class='ocrx_word' id='word_1_298' title='bbox 1480 2472 1602 2521; x_wconf 87' lang='lat' dir='ltr'>parte</span> <span class='ocrx_word' id='word_1_299' title='bbox 1627 2472 1789 2514; x_wconf 82' lang='lat' dir='ltr'>essent.</span> 
     </span>
     <span class='ocr_line' id='line_1_34' title="bbox 153 2535 1793 2587; baseline 0 -13"><span class='ocrx_word' id='word_1_300' title='bbox 153 2547 266 2586; x_wconf 84' lang='lat' dir='ltr'>quae</span> <span class='ocrx_word' id='word_1_301' title='bbox 297 2535 362 2574; x_wconf 88' lang='lat' dir='ltr'>illi</span> <span class='ocrx_word' id='word_1_302' title='bbox 393 2538 509 2574; x_wconf 88' lang='lat' dir='ltr'>sorte</span> <span class='ocrx_word' id='word_1_303' title='bbox 540 2536 715 2586; x_wconf 59' lang='lat' dir='ltr'>obtigit..</span> <span class='ocrx_word' id='word_1_304' title='bbox 750 2536 887 2576; x_wconf 83' lang='lat' dir='ltr'>Datae</span> <span class='ocrx_word' id='word_1_305' title='bbox 917 2539 1023 2575; x_wconf 85' lang='lat' dir='ltr'>sunt</span> <span class='ocrx_word' id='word_1_306' title='bbox 1052 2536 1347 2576; x_wconf 86' lang='lat' dir='ltr'>eleemosinae</span> <span class='ocrx_word' id='word_1_307' title='bbox 1378 2548 1465 2575; x_wconf 90' lang='lat' dir='ltr'>non</span> <span class='ocrx_word' id='word_1_308' title='bbox 1503 2548 1669 2587; x_wconf 84' lang='lat' dir='ltr'>paucae</span> <span class='ocrx_word' id='word_1_309' title='bbox 1713 2547 1793 2574; x_wconf 90' lang='lat' dir='ltr'>nec</span> 
     </span>
     <span class='ocr_line' id='line_1_35' title="bbox 155 2601 1793 2653; baseline 0.001 -15"><span class='ocrx_word' id='word_1_310' title='bbox 155 2612 332 2651; x_wconf 87' lang='lat' dir='ltr'>paruae.</span> <span class='ocrx_word' id='word_1_311' title='bbox 365 2613 444 2640; x_wconf 88' lang='lat' dir='ltr'>nec</span> <span class='ocrx_word' id='word_1_312' title='bbox 475 2601 570 2640; x_wconf 84' lang='lat' dir='ltr'>sine</span> <span class='ocrx_word' id='word_1_313' title='bbox 601 2613 740 2652; x_wconf 89' lang='lat' dir='ltr'>paruo</span> <span class='ocrx_word' id='word_1_314' title='bbox 771 2602 973 2641; x_wconf 87' lang='lat' dir='ltr'>dantium</span> <span class='ocrx_word' id='word_1_315' title='bbox 1006 2604 1166 2645; x_wconf 77' lang='lat' dir='ltr'>fructu.</span> <span class='ocrx_word' id='word_1_316' title='bbox 1195 2604 1236 2642; x_wconf 91' lang='lat' dir='ltr'>et</span> <span class='ocrx_word' id='word_1_317' title='bbox 1267 2602 1490 2653; x_wconf 84' lang='lat' dir='ltr'>spirituali</span> <span class='ocrx_word' id='word_1_318' title='bbox 1525 2603 1721 2651; x_wconf 83' lang='lat' dir='ltr'>profectu</span> <span class='ocrx_word' id='word_1_319' title='bbox 1751 2603 1793 2640; x_wconf 87' lang='lat' dir='ltr'>et</span> 
     </span>
     <span class='ocr_line' id='line_1_36' title="bbox 153 2667 1792 2720; baseline 0 -14"><span class='ocrx_word' id='word_1_320' title='bbox 153 2667 471 2708; x_wconf 83' lang='lat' dir='ltr'>consolatione.</span> <span class='ocrx_word' id='word_1_321' title='bbox 506 2668 587 2707; x_wconf 86' lang='lat' dir='ltr'>Per</span> <span class='ocrx_word' id='word_1_322' title='bbox 618 2668 657 2707; x_wconf 88' lang='lat' dir='ltr'>id</span> <span class='ocrx_word' id='word_1_323' title='bbox 692 2671 866 2719; x_wconf 85' lang='lat' dir='ltr'>tempus</span> <span class='ocrx_word' id='word_1_324' title='bbox 896 2681 985 2720; x_wconf 87' lang='lat' dir='ltr'>quo</span> <span class='ocrx_word' id='word_1_325' title='bbox 1015 2669 1087 2708; x_wconf 85' lang='lat' dir='ltr'>hic</span> <span class='ocrx_word' id='word_1_326' title='bbox 1117 2668 1374 2717; x_wconf 78' lang='lat' dir='ltr'>commorati</span> <span class='ocrx_word' id='word_1_327' title='bbox 1422 2670 1542 2714; x_wconf 80' lang='lat' dir='ltr'>sunt,</span> <span class='ocrx_word' id='word_1_328' title='bbox 1584 2679 1630 2706; x_wconf 91' lang='lat' dir='ltr'>se</span> <span class='ocrx_word' id='word_1_329' title='bbox 1673 2678 1792 2706; x_wconf 85' lang='lat' dir='ltr'>exer-</span> 
     </span>
     <span class='ocr_line' id='line_1_37' title="bbox 153 2733 1794 2784; baseline 0.001 -14"><span class='ocrx_word' id='word_1_330' title='bbox 153 2735 339 2771; x_wconf 75' lang='lat' dir='ltr'>cuerunt</span> <span class='ocrx_word' id='word_1_331' title='bbox 370 2733 415 2772; x_wconf 88' lang='lat' dir='ltr'>in</span> <span class='ocrx_word' id='word_1_332' title='bbox 448 2733 596 2783; x_wconf 88' lang='lat' dir='ltr'>pueris</span> <span class='ocrx_word' id='word_1_333' title='bbox 625 2734 826 2773; x_wconf 87' lang='lat' dir='ltr'>doctrina</span> <span class='ocrx_word' id='word_1_334' title='bbox 871 2734 1117 2773; x_wconf 85' lang='lat' dir='ltr'>christiana</span> <span class='ocrx_word' id='word_1_335' title='bbox 1147 2734 1419 2780; x_wconf 77' lang='lat' dir='ltr'>erudiendis,</span> <span class='ocrx_word' id='word_1_336' title='bbox 1451 2745 1639 2784; x_wconf 86' lang='lat' dir='ltr'>quorum</span> <span class='ocrx_word' id='word_1_337' title='bbox 1674 2744 1794 2783; x_wconf 79' lang='lat' dir='ltr'>niag-</span> 
     </span>
     <span class='ocr_line' id='line_1_38' title="bbox 155 2798 1792 2850; baseline 0.001 -14"><span class='ocrx_word' id='word_1_338' title='bbox 155 2809 210 2836; x_wconf 87' lang='lat' dir='ltr'>na</span> <span class='ocrx_word' id='word_1_339' title='bbox 245 2798 482 2837; x_wconf 86' lang='lat' dir='ltr'>multitudo</span> <span class='ocrx_word' id='word_1_340' title='bbox 513 2799 723 2838; x_wconf 86' lang='lat' dir='ltr'>conuenit</span> <span class='ocrx_word' id='word_1_341' title='bbox 770 2800 814 2838; x_wconf 87' lang='lat' dir='ltr'>in</span> <span class='ocrx_word' id='word_1_342' title='bbox 861 2800 1094 2849; x_wconf 81' lang='lat' dir='ltr'>porticum.</span> <span class='ocrx_word' id='word_1_343' title='bbox 1127 2811 1240 2850; x_wconf 84' lang='lat' dir='ltr'>quae</span> <span class='ocrx_word' id='word_1_344' title='bbox 1286 2799 1329 2837; x_wconf 92' lang='lat' dir='ltr'>in</span> <span class='ocrx_word' id='word_1_345' title='bbox 1378 2799 1520 2849; x_wconf 86' lang='lat' dir='ltr'>platea</span> <span class='ocrx_word' id='word_1_346' title='bbox 1562 2798 1739 2848; x_wconf 84' lang='lat' dir='ltr'>publica</span> <span class='ocrx_word' id='word_1_347' title='bbox 1770 2809 1792 2837; x_wconf 88' lang='lat' dir='ltr'>e</span> 
     </span>
    </p>
   </div>
   <div class='ocr_carea' id='block_1_4' title="bbox 214 2940 644 2973">
    <p class='ocr_par' dir='ltr' id='par_1_4' title="bbox 214 2940 644 2973">
     <span class='ocr_line' id='line_1_39' title="bbox 214 2940 644 2973; baseline 0.005 -2"><span class='ocrx_word' id='word_1_348' title='bbox 214 2948 230 2966; x_wconf 81' lang='lat' dir='ltr'>a</span> <span class='ocrx_word' id='word_1_349' title='bbox 257 2940 371 2972; x_wconf 68' lang='lat' dir='ltr'>belet.</span> <span class='ocrx_word' id='word_1_350' title='bbox 398 2940 644 2973; x_wconf 80' lang='lat' dir='ltr'>fortunarum.</span> 
     </span>
    </p>
   </div>
   <div class='ocr_carea' id='block_1_5' title="bbox 188 3021 435 3026">
    <p class='ocr_par' dir='ltr' id='par_1_5' title="bbox 188 3021 435 3026">
     <span class='ocr_line' id='line_1_40' title="bbox 188 3021 435 3026; baseline 0 0"><span class='ocrx_word' id='word_1_351' title='bbox 188 3021 435 3026; x_wconf 95' lang='lat' dir='ltr'> </span> 
     </span>
    </p>
   </div>
   <div class='ocr_carea' id='block_1_6' title="bbox 215 3065 1788 3107">
    <p class='ocr_par' dir='ltr' id='par_1_6' title="bbox 215 3065 1788 3107">
     <span class='ocr_line' id='line_1_41' title="bbox 215 3065 1788 3107; baseline -0.001 -10"><span class='ocrx_word' id='word_1_352' title='bbox 215 3068 224 3083; x_wconf 85' lang='lat'>¹</span> <span class='ocrx_word' id='word_1_353' title='bbox 248 3066 295 3097; x_wconf 90' lang='lat' dir='ltr'>Hi</span> <span class='ocrx_word' id='word_1_354' title='bbox 312 3066 386 3097; x_wconf 89' lang='lat' dir='ltr'>duo</span> <span class='ocrx_word' id='word_1_355' title='bbox 400 3066 465 3098; x_wconf 79' lang='grc' dir='ltr'>ΡΙ).</span> <span class='ocrx_word' id='word_1_356' title='bbox 481 3066 693 3098; x_wconf 85' lang='lat' dir='ltr'>sollemnem</span> <span class='ocrx_word' id='word_1_357' title='bbox 712 3067 978 3107; x_wconf 82' lang='lat' dir='ltr'>professionem</span> <span class='ocrx_word' id='word_1_358' title='bbox 992 3067 1195 3098; x_wconf 87' lang='lat' dir='ltr'>emiserunt</span> <span class='ocrx_word' id='word_1_359' title='bbox 1213 3066 1273 3098; x_wconf 87' lang='lat' dir='ltr'>die</span> <span class='ocrx_word' id='word_1_360' title='bbox 1292 3067 1329 3097; x_wconf 77' lang='lat'>15</span> <span class='ocrx_word' id='word_1_361' title='bbox 1344 3065 1572 3106; x_wconf 81' lang='lat' dir='ltr'>Septembris</span> <span class='ocrx_word' id='word_1_362' title='bbox 1589 3066 1678 3097; x_wconf 88' lang='lat' dir='ltr'>anni</span> <span class='ocrx_word' id='word_1_363' title='bbox 1699 3067 1788 3097; x_wconf 77' lang='grc'><strong>1560.</strong></span> 
     </span>
    </p>
   </div>
  </div>
 </body>
</html>
