2028 3531
340 266 410 301 406
816 265 1023 302 LerssRAE
1047 266 1391 311 QUADmMEsrREs

292 386 440 424 tatem.
473 383 569 433 Quo
598 384 668 423 die
700 384 876 434 publica
907 385 1098 434 praemia
1121 383 1400 424 scholasticis
1419 384 1659 424 distributa
1687 387 1806 431 sunt,
1837 386 1911 425 ad-

292 449 376 488 fuit
419 449 488 488 Pr.
522 449 706 489 Natalis.
740 448 928 488 Habitae
969 451 1074 489 sunt
1103 449 1231 488 initio
1273 448 1387 488 (luae
1429 449 1652 488 orationes
1691 450 1909 500 praesenti

290 514 535 554 celebritati
556 513 933 561 accommodatae;
952 514 1089 553 altera
1107 514 1256 564 ligata,
1276 513 1414 552 altera
1435 525 1539 552 uero
1560 514 1720 553 soluta.
1744 514 1910 554 Deinde

290 578 454 618 eximio
496 578 687 629 quodam
731 580 945 628 apparatu
989 579 1235 618 uictoribus
1278 577 1473 628 praemia
1516 578 1620 617 data
1648 581 1766 619 sunt.
1797 578 1907 618 Nam

292 645 596 694 praeterquam
626 642 741 693 quod
773 645 1067 693 spectatorum
1099 655 1309 682 numerus
1338 642 1497 693 ingens
1524 644 1632 691 erat,
1655 642 1749 693 ipse
1777 643 1908 683 etiam

290 708 429 755 locus,
453 718 608 757 nempe
638 707 916 758 peristylium
946 707 1168 747 internum
1193 706 1385 758 collegij,
1408 707 1590 747 mirifice
1611 707 1856 748 instructus
1874 716 1907 755 ἃ,

289 774 422 823 atque
451 774 635 812 ornatus
654 784 707 812 ex
728 772 968 812 modulatis
996 775 1225 812 cantorum
1249 771 1433 811 uocibus
1453 773 1495 811 et
1515 771 1908 812 instrumentorum

291 849 366 888 per
394 837 632 877 interualla
661 837 858 888 repetitis
886 838 1194 883 concentibus,
1228 836 1417 876 multum
1448 836 1630 887 gratiae,
1661 839 1704 876 et
1732 837 1911 877 celebri-

289 902 394 942 tatis
422 901 620 941 accessit.
644 901 809 941 Vltimo
837 902 1035 941 exhibita
1056 904 1121 941 est
1140 901 1357 952 quaedam
1386 901 1537 952 ecloga
1566 913 1656 941 non
1685 901 1830 942 aliena
1854 902 1910 942 ab

288 967 441 1006 eodem
472 966 704 1014 institut03
736 978 869 1018 quam
899 967 1123 1006 auditores
1144 965 1273 1017 primi
1304 965 1523 1017 gymnasij
1554 968 1907 1017 composuerant.

288 1031 447 1072 Secuta
476 1034 582 1072 sunt
610 1031 757 1071 statim
790 1032 1158 1071 scholasticorum
1195 1031 1416 1079 examina,
1448 1032 1490 1070 et
1518 1042 1571 1070 ex
1601 1031 1658 1082 ijs
1685 1031 1762 1082 qui
1792 1031 1910 1082 apud

289 1109 371 1137 nos
400 1097 548 1137 idonei
578 1099 684 1136 sunt
712 1096 885 1136 inuenti
907 1097 1029 1147 (sunt
1049 1099 1195 1136 autem
1226 1096 1271 1135 hi
1294 1108 1384 1135 non
1413 1096 1575 1147 pauci),
1598 1098 1640 1136 et
1659 1096 1735 1147 qui
1765 1096 1909 1136 aliun·

288 1162 356 1210 de,
390 1164 438 1202 ut
457 1162 668 1209 assolent,
700 1161 877 1201 uenturi
907 1163 1035 1209 sunt;
1068 1161 1345 1200 dialecticam
1373 1161 1457 1200 hoc
1486 1172 1605 1200 anno
1625 1161 1778 1201 audire
1803 1161 1910 1201 inci-

289 1227 425 1279 pient.
470 1226 783 1278 Superioribus
825 1227 957 1265 etiam
987 1226 1144 1266 diebus
1187 1237 1316 1265 orsus
1346 1228 1412 1265 est
1439 1225 1621 1276 quidam
1663 1237 1716 1265 ex
1745 1226 1910 1266 nostris

289 1293 443 1333 docere
473 1303 633 1343 pueros
674 1291 949 1330 characteres
991 1291 1219 1331 literarum
1262 1290 1498 1330 delineare.
1544 1290 1657 1330 Sunt
1685 1290 1732 1330 hi
1775 1302 1909 1339 supra

289 1357 518 1404 ducentos,
550 1356 665 1396 inter
705 1367 818 1407 quos
862 1355 1070 1395 nonnulli
1114 1356 1247 1395 etiam
1290 1355 1490 1394 uirorum
1533 1355 1752 1395 nobilium
1781 1355 1909 1395 liberi

288 1423 538 1462 censentur.
563 1420 720 1460 Essent
748 1431 854 1460 uero
883 1420 1013 1471 longe
1034 1420 1200 1471 plures,
1223 1419 1261 1459 si
1283 1419 1380 1459 sine
1408 1419 1665 1459 discrimine
1694 1422 1909 1471 quotquot

288 1486 470 1534 uellent,
514 1485 879 1533 admitterentur;
924 1485 1043 1536 quod
1073 1485 1288 1524 hactenus
1332 1496 1421 1524 non
1450 1483 1468 1510 ¹³
1498 1486 1564 1524 est
1592 1485 1906 1531 obseruatum;

287 1551 435 1591 solum
477 1550 596 1590 enim
625 1549 809 1589 admissi
853 1551 972 1597 sunt,
1004 1549 1082 1601 qui
1124 1551 1226 1589 ante
1272 1549 1355 1588 hac
1385 1548 1431 1588 in
1473 1549 1579 1588 ludo
1608 1549 1906 1597 elementario,

287 1615 538 1656 Cardinalis
580 1626 712 1666 opera
754 1616 797 1654 et
839 1616 1020 1665 sumptu
1063 1614 1268 1662 excitato,
1299 1614 1644 1654 erudiebantur:
1690 1613 1753 1653 sic
1791 1614 1909 1653 enim

286 1680 493 1732 expedire
535 1679 684 1719 uisum
727 1678 825 1718 fuit.
871 1678 967 1729 Quo
1008 1680 1204 1729 tempore
1250 1678 1399 1718 studia
1428 1686 1443 1705 0
1477 1678 1730 1718 intermissa
1772 1679 1909 1729 repeti

287 1745 448 1793 solent,
492 1744 701 1784 omnibus
747 1744 916 1794 patebit
958 1743 1120 1783 aditus.
1166 1743 1370 1793 Quantus
1408 1743 1466 1782 sit
1506 1743 1643 1783 huius
1672 1743 1906 1795 ministerij

286 1811 464 1850 futurus
506 1809 689 1857 fructus,
721 1821 774 1849 ex
803 1809 875 1849 his
916 1809 1072 1860 initijs,
1106 1809 1228 1849 uelut
1258 1821 1311 1848 ex
1353 1809 1490 1848 herba
1519 1809 1717 1860 cepimus
1747 1808 1909 1848 intelli-

287 1887 421 1927 gere3
453 1875 598 1914 solent
625 1874 744 1913 enim
782 1876 986 1925 parentes
1016 1874 1229 1925 magistro
1258 1874 1425 1925 gratias
1453 1885 1581 1925 agere
1610 1874 1667 1913 ob
1696 1873 1905 1921 indolem,

285 1942 329 1980 et
357 1951 501 1979 nouae
546 1938 779 1978 cuiusdam
818 1938 998 1978 uirtutis
1041 1938 1227 1987 semina,
1258 1950 1372 1989 quae
1402 1938 1448 1977 in
1487 1938 1639 1978 liberis
1668 1937 1907 1988 deprehen-

288 2005 414 2045 dunt.

365 2070 404 2109 8.
428 2069 554 2119 Quod
574 2069 631 2108 ad
650 2068 787 2108 huius
820 2068 994 2119 collegij
1036 2071 1078 2107 et
1117 2068 1367 2108 academiae
1396 2070 1663 2108 structuram
1701 2068 1904 2119 pertinet,

288 2135 446 2174 ultima
480 2134 567 2174 fere
600 2145 759 2173 manus
781 2133 957 2183 utrique
986 2133 1073 2172 iam
1105 2133 1363 2184 imponitur,
1396 2133 1771 2184 perficiunturque
1801 2145 1909 2172 non-

289 2200 428 2247 nulla,
451 2211 564 2250 quae
584 2198 832 2239 necessaria
861 2199 1143 2247 uidebantur,
1168 2201 1216 2238 ut
1242 2199 1470 2238 honestior
1490 2201 1619 2247 esset,
1642 2201 1774 2249 atque
1794 2210 1909 2238 com-

287 2265 458 2304 modior
478 2264 709 2304 habitatio,
744 2263 824 2303 His
848 2263 1048 2314 peractis,
1071 2263 1135 2303 sic
1164 2266 1293 2303 erunt
1312 2264 1463 2303 omnia
1483 2264 1703 2311 absoluta,
1724 2265 1773 2303 ut
1793 2264 1907 2303 nihil

286 2329 345 2369 sit
365 2329 635 2377 defuturum,
653 2328 771 2378 quod
802 2330 843 2367 et
873 2328 928 2367 ad
958 2330 1179 2375 ornatum,
1202 2330 1244 2367 et
1265 2328 1320 2367 ad
1340 2328 1674 2368 commoditates
1702 2328 1908 2367 domesti-

284 2405 361 2433 cas
381 2393 610 2444 pertineat.
630 2392 867 2432 Externum
890 2392 1168 2443 peristylium
1190 2392 1386 2432 continet
1405 2392 1637 2432 duodecim
1658 2392 1904 2443 gymnasia,

286 2460 459 2509 praeter
495 2458 642 2497 aulam
672 2457 894 2508 quandam
926 2457 1130 2507 publicae
1159 2457 1435 2505 bibliotecae,
1476 2459 1517 2497 et
1555 2457 1734 2497 domum
1755 2457 1904 2505 aliam,

288 2523 334 2562 in
364 2535 452 2573 qua
482 2522 605 2573 pueri
636 2522 776 2572 prima
819 2521 1040 2561 scribendi
1086 2521 1336 2561 rudimenta
1378 2522 1629 2561 edocentur.
1671 2522 1746 2561 Est
1774 2521 1905 2561 etiam

287 2588 410 2627 iuxta
431 2587 611 2626 ianuam
640 2598 829 2637 paruum
859 2586 1082 2636 quoddam
1112 2586 1387 2626 domicilium
1417 2587 1596 2626 ianitori
1626 2589 1805 2626 externo
1834 2587 1906 2626 de-

285 2652 515 2692 stinatum.
540 2652 590 2691 In
612 2653 762 2690 nostro
793 2651 956 2701 templo
982 2651 1188 2701 deinceps
1218 2652 1507 2702 promouendi
1528 2653 1633 2691 sunt
1652 2651 1905 2691 scholastici

285 2717 342 2756 ad
371 2717 574 2768 publicos
616 2716 795 2768 gradus,
842 2715 1040 2765 quandiu
1071 2715 1193 2755 aliud
1224 2716 1369 2755 maius
1398 2728 1488 2756 non
1529 2716 1761 2764 extruitur,
1806 2727 1905 2755 cum

285 2793 375 2831 quo
405 2781 536 2820 etiam
566 2780 783 2831 quaedam
821 2779 1026 2819 cubicula
1056 2782 1206 2819 nostro
1236 2780 1337 2820 usui
1386 2780 1633 2820 necessaria
1675 2780 1906 2820 excitanda

286 2849 406 2887 sunt.
452 2845 677 2897 Singulari
720 2845 838 2884 enim
882 2856 987 2884 cura
1031 2845 1244 2895 prospicit
1291 2845 1553 2894 Cardinalis,
1586 2847 1634 2885 ut
1662 2845 1746 2884 hoc
1775 2856 1905 2884 suum

286 2912 537 2951 aedificium
567 2922 699 2962 quam
731 2909 1048 2961 perfectissime
1087 2910 1360 2950 absoluatur.
1393 2910 1480 2950 Nec
1510 2910 1658 2949 minus
1687 2922 1737 2949 ea
1765 2911 1903 2958 curat,

348 3055 366 3073 a
387 3046 679 3078 instructructus
702 3054 773 3077 ms.
798 3063 837 3067 —
861 3044 879 3070 b
901 3053 974 3076 non
998 3053 1124 3085 supra
1148 3053 1248 3077 vers.
1274 3063 1313 3067 —
1336 3053 1351 3072 c
1372 3045 1498 3077 studia
1521 3054 1646 3086 supra
1672 3053 1773 3076 vers.
