2028 3531
464 285 546 322 577.
572 307 618 312 —
645 285 829 322 NEApom
855 286 878 321 6
903 284 1161 322 SEPTEMBmS
1193 281 1278 319 1561
1581 282 1648 319 541

172 429 223 434 ——
253 411 295 446 6.
332 407 546 446 Votorum
589 407 834 445 renovatio.
867 427 917 431 —
949 407 990 442 7.
1026 403 1204 442 Tinctor
1246 404 1295 441 in
1334 402 1595 441 Societatem
1626 403 1701 440 ad·

172 472 386 512 mittitur.
410 495 461 498 —
490 475 612 511 8-10.
643 472 801 511 Patris
832 470 1069 509 Salmeron
1090 469 1130 507 et
1161 469 1360 507 aliorum
1391 468 1631 506 contiones.
1650 490 1701 493 —

171 542 236 577 11.
270 537 499 577 Carcerati
527 537 808 582 invisuntur,
841 548 939 574 cum
963 535 1224 584 aliquorum
1254 535 1455 572 maximo
1480 533 1699 583 profectu.

173 624 224 630 -
250 606 321 642 12.
351 603 665 642 Paenitentiae
694 603 733 641 et
762 601 1061 640 eucharistiae
1090 599 1377 637 sacramenta
1411 599 1702 648 frequentan-

173 670 274 716 tur;
302 668 462 718 quibus
504 668 716 707 roborata
758 666 922 705 nobilis
965 666 1178 704 matrona
1217 664 1406 703 abusum
1450 663 1704 702 abstinendi

173 734 226 773 ab
255 735 466 783 ingressu
508 734 715 772 ecclesiae
745 732 794 771 ob
824 732 1118 781 cognatorum
1150 730 1338 768 mortem
1371 729 1521 768 evitat.
1552 751 1603 755 —
1631 732 1703 767 13.

174 800 271 838 Duo
320 799 633 850 ludimagistri
679 797 960 847 neapolitani
1007 796 1264 845 frequenter
1313 795 1369 833 ad
1417 795 1704 833 sacramenta

172 865 398 904 accedunt.
445 887 490 890 —
518 868 589 903 14.
636 863 773 902 Morti
811 863 1038 912 proximis
1084 861 1314 899 auxilium
1357 860 1518 909 fertur.
1552 881 1602 886 ——
1631 863 1703 899 15.

177 929 395 969 Caritatis
438 942 572 980 opera
603 942 629 968 a
652 930 746 979 piis
774 927 1031 966 hominibus
1069 927 1328 965 eaeercitata.
1362 947 1412 951 —
1441 929 1512 963 16.
1548 925 1705 964 Cuius-

174 995 279 1035 dam
322 997 518 1045 virginis
560 995 771 1045 elogium.
823 991 981 1032 Socius
1024 993 1250 1041 navigans
1294 992 1462 1030 nautas
1493 1003 1520 1029 a
1544 992 1705 1040 pravis

174 1061 351 1099 vocibus
393 1061 601 1099 continet.
648 1081 697 1086 —
739 1062 811 1097 17.
856 1058 1075 1096 Monialis
1124 1058 1280 1107 magni
1323 1058 1524 1095 nominis
1565 1068 1705 1106 prope

174 1114 408 1176 desperata
434 1138 587 1176 pacem
616 1124 823 1163 hortante
853 1124 1046 1173 quodam
1076 1123 1230 1161 nostro
1262 1123 1509 1172 recuperat,
1541 1122 1581 1161 et
1605 1134 1705 1172 per-

173 1192 399 1241 fectiorem
429 1192 546 1230 vitae
575 1191 780 1229 ordinem
809 1190 936 1240 sequi
965 1189 1142 1227 statuit.
1176 1210 1227 1214 —-
1255 1191 1325 1226 18.
1361 1187 1585 1237 Capitales
1619 1188 1706 1226 ini-

175 1258 281 1296 mici
322 1257 690 1296 reconciliantur.
722 1278 771 1282 —
799 1259 870 1293 19.
905 1254 1073 1304 Templi
1111 1253 1283 1303 fabrica
1316 1253 1623 1303 progreditur.
1655 1274 1707 1279 —

175 1326 250 1361 20.
278 1322 332 1362 P.
363 1322 672 1361 Prouincialis
713 1322 905 1360 Romam
950 1322 1017 1358 ire
1061 1319 1252 1358 iubetur.
1285 1341 1335 1344 —
1366 1322 1435 1357 21.
1465 1320 1592 1357 Mors
1622 1319 1707 1357 Do-

175 1389 332 1427 minici
362 1387 620 1426 Florentini
650 1386 909 1425 nuntiatur.

151 1501 187 1540 1.
219 1501 249 1551 -1-
277 1498 404 1540 YHS.
438 1499 531 1539 Pax
570 1498 752 1539 Christi.
785 1497 951 1548 Questo
982 1497 1321 1548 quadrimestre,
1354 1495 1490 1535 Molto
1531 1494 1628 1536 R.d0
1662 1495 1708 1535 in

70 1564 247 1606 Christo
277 1565 434 1613 Padre,
462 1564 688 1604 s'haueria
710 1564 764 1603 da
787 1563 1055 1603 cominciare
1076 1574 1159 1602 con
1181 1561 1340 1601 alcuna
1371 1561 1705 1609 lamentatione,

71 1631 227 1683 poiche
256 1630 399 1670 siamo
428 1630 599 1670 astretti
636 1629 852 1669 scriuerlo
882 1641 906 1667 a
937 1628 987 1669 V.
1019 1627 1117 1667 Rfla
1152 1628 1198 1667 Ρ.
1232 1639 1323 1667 non
1367 1627 1564 1678 sapendo
1594 1626 1708 1666 doue

69 1696 219 1748 quella
248 1696 287 1736 si
318 1698 445 1736 troua
475 1698 513 1744 1;
547 1707 616 1734 ma
649 1707 724 1746 per
753 1694 845 1733 fare
884 1693 1173 1733 l’obedienza
1216 1692 1591 1743 semplicemente.
1624 1692 1709 1731 las-

70 1761 212 1801 sando
240 1761 297 1801 da
327 1762 450 1812 parte
479 1760 584 1811 ogni
615 1771 733 1807 cosa,
767 1760 893 1799 verro
923 1759 1073 1798 subito
1103 1771 1127 1798 a
1150 1758 1192 1797 la
1222 1758 1357 1797 breue
1387 1757 1643 1797 narratione
1663 1756 1708 1796 di

70 1826 221 1877 quello
250 1827 331 1866 che
361 1826 660 1866 m’occorrera
690 1825 807 1865 circa
836 1824 869 1864 il
898 1824 1087 1875 collegio
1117 1836 1199 1863 suo
1229 1823 1273 1863 di
1305 1822 1479 1874 Napoli.

150 1892 189 1933 2.
221 1892 257 1932 Il
287 1904 471 1932 numero
501 1891 545 1931 di
576 1893 796 1943 quaranta
829 1890 959 1929 Padri
990 1892 1032 1929 et
1054 1889 1232 1936 fratelli,
1266 1889 1349 1928 fori
1380 1889 1421 1928 (Γ
1440 1900 1529 1928 uno
1560 1896 1594 1937 ἃ,
1620 1900 1709 1928 non

71 1959 94 1999 e
123 1960 332 2006 scemato,
364 1971 387 1998 e
417 1957 445 1997 l'
462 1970 552 1997 uno
582 1957 733 1996 animo
763 1957 807 1996 di
838 1955 942 1996 tutti
973 1955 1045 1995 nel
1076 1955 1205 1994 diuin
1235 1954 1420 1994 seruitio
1450 1965 1595 1993 cresce
1620 1954 1710 1993 alla

72 2024 292 2076 giornata,
324 2024 379 2063 ne
409 2023 475 2062 fra
506 2022 581 2062 noi
611 2022 653 2062 al
684 2023 902 2073 presente,
944 2032 1022 2071 per
1065 2020 1207 2072 gratia
1251 2019 1321 2059 del
1352 2019 1515 2071 Signor
1556 2021 1710 2058 nostro

72 2089 210 2130 Giesil
239 2088 431 2137 Christo,
464 2089 503 2128 si
532 2090 662 2128 troua
692 2087 854 2127 alcuno
884 2088 1071 2138 granato
1101 2085 1382 2125 d'infermita
1412 2085 1655 2136 corporale.

151 2156 190 2195 3.
222 2153 286 2194 Ne
315 2154 346 2193 li
377 2154 523 2206 giorni
568 2152 736 2204 passati
772 2153 810 2192 ci
844 2164 984 2192 venne
1028 2163 1146 2191 noua
1190 2151 1244 2190 de
1273 2150 1316 2189 la
1348 2152 1486 2190 morte
1529 2149 1573 2189 di
1604 2149 1710 2189 duoi

73 2219 214 2260 nostri
244 2219 499 2259 charissimi
529 2218 709 2266 fratelli,
742 2218 987 2257 Franeesco
1017 2216 1214 2257 Granata
1240 2219 1282 2256 et
1303 2216 1489 2255 Horatio
1519 2215 1709 2262 Gentile,

72 2285 195 2337 quali
225 2285 270 2325 di
301 2285 444 2325 Roma
472 2296 607 2324 erano
640 2283 793 2324 uenuti
816 2296 841 2322 a
862 2282 1022 2334 Napoli
1054 2294 1130 2334 per
1159 2281 1380 2321 rihauersi
1403 2281 1448 2321 di
1478 2283 1595 2321 certa
1617 2281 1711 2320 loro

73 2350 434 2402 indispositione,
466 2351 509 2390 et
538 2350 611 2401 poi
641 2349 686 2389 di
730 2348 889 2399 Napoli
933 2348 1086 2388 andati
1117 2359 1143 2386 a
1172 2347 1310 2387 l'aria
1354 2346 1524 2395 natiuo,
1556 2347 1637 2386 che
1666 2346 1710 2385 di

73 2428 162 2468 qua
193 2427 283 2456 non
302 2416 326 2456 e
346 2415 484 2455 molto
513 2415 709 2455 discosto
738 2415 768 2460 2,
796 2414 843 2453 in
865 2415 952 2453 fine
982 2425 1093 2453 sono
1124 2412 1266 2464 gionti
1297 2412 1387 2452 alla
1417 2424 1522 2452 uera
1552 2411 1710 2463 patria,

136 2555 155 2574 a
175 2547 272 2579 fuori
296 2546 331 2578 d'
346 2555 421 2578 uno
445 2555 573 2587 supra
596 2554 700 2578 vers.

139 2668 148 2685 ¹
172 2666 210 2699 P.
235 2666 370 2699 Lainez
393 2665 579 2708 profectus
603 2666 683 2697 erat
706 2665 745 2697 in
769 2664 928 2697 Galliam
951 2673 1035 2696 cum
1059 2663 1261 2705 Hippolyto
1284 2663 1432 2695 Estensi
1461 2661 1655 2694 cardinali.

137 2720 150 2738 ²
173 2718 394 2750 Franciscus
418 2718 584 2751 Granata
607 2726 652 2750 ex
675 2717 811 2759 Melphi
847 2717 1041 2758 ingressus
1065 2717 1145 2748 erat
1172 2715 1395 2748 Societatem
1430 2715 1567 2747 Romae
1590 2714 1650 2746 die
1673 2713 1714 2745 020

77 2770 288 2803 Decembris
322 2770 412 2803 anni
447 2770 540 2809 1556,
576 2770 618 2802 ut
652 2770 805 2802 notatur
838 2769 877 2801 in
912 2769 991 2802 cod.
1018 2768 1125 2800 Rom.
1151 2768 1234 2801 169.
1261 2767 1285 2800 f.
1312 2769 1340 2800 1.
1364 2767 1461 2801 Vota
1483 2766 1621 2805 emisit,
1646 2775 1713 2798 seu

77 2823 204 2865 potius
226 2823 422 2856 renovavit
445 2823 484 2855 in
507 2822 827 2864 Montepolitiano,
853 2823 895 2854 ut
918 2831 964 2854 ex
987 2821 1234 2863 autographis
1261 2821 1375 2862 patet,
1401 2820 1461 2852 die
1496 2820 1511 2851 1
1547 2818 1713 2851 Ianuarii

77 2877 114 2909 et
137 2877 176 2909 15
198 2876 361 2918 Augusti
386 2877 477 2909 1560.
503 2876 555 2909 Cf.
581 2876 694 2908 etiam
717 2875 842 2917 Epist.
867 2875 911 2908 P.
936 2875 1197 2910 Salmeronz's.
1216 2874 1242 2908 Ι,
1261 2875 1334 2912 442,
1351 2874 1424 2913 455,
1442 2874 1515 2905 472.
1534 2872 1713 2905 Horatius

78 2929 224 2963 Gentile
246 2939 292 2962 ex
315 2929 481 2971 Cajazm,
506 2930 695 2971 superatis
719 2929 866 2971 magnis
889 2928 1190 2968 difficultatibus,
1215 2928 1410 2969 ingressus
1444 2927 1523 2959 erat
1553 2926 1714 2958 Societa-

78 2983 152 3015 tem
174 2983 328 3025 Neapoli
351 2992 450 3015 anno
474 2983 566 3022 1556,
591 2984 627 3015 et
650 2982 761 3024 paulo
784 2983 868 3023 post
891 2982 1043 3014 Romam
1068 2982 1218 3014 missus.
1242 2981 1337 3014 Vota
1357 2980 1458 3012 vovit
1481 2979 1630 3017 Romae,
1654 2979 1714 3011 die

78 3036 120 3068 24
140 3036 242 3069 Iunii
266 3037 357 3069 1556.
384 3036 434 3069 De
457 3045 500 3068 eo
523 3036 608 3068 vide
630 3036 684 3068 sis
706 3035 874 3068 Polanci
894 3035 1035 3067 Cleron.
1054 3034 1113 3071 VI.
1131 3036 1204 3073 0243,
1221 3035 1355 3067 02502-53:
1374 3034 1468 3065 [ΛΗ.
1492 3032 1712 3072 Quadi-im..

80 3088 140 3130 IV,
164 3089 246 3130 261;
271 3089 397 3131 Epist.
422 3089 466 3122 P.
491 3089 752 3126 Salmeronis,
785 3088 811 3128 Ι,
836 3089 909 3128 459,
933 3089 1006 3120 618.
