2028 3531
349 267 419 303 508
821 267 1024 303 erTERAa
1061 266 1405 310 QUADmMEs'rflEs

303 385 468 425 nostris
504 385 865 431 familiaritatem,
909 395 1098 436 quocum
1128 383 1181 422 de
1211 382 1342 421 rebus
1386 381 1560 420 animae
1589 392 1696 420 suae
1724 380 1922 420 conferre

301 450 436 490 libere
469 450 619 501 possit,
653 450 901 500 frequenter
930 448 1284 498 consequeretur.

379 516 445 555 37.
481 515 560 554 His
603 515 750 565 itaque
793 514 1020 564 exemplis.
1067 524 1120 551 ne
1164 510 1410 550 leuioribus
1457 509 1738 549 recensendis
1781 520 1922 559 aequo

301 579 442 619 simus
475 579 749 630 prolixiores,
773 578 948 618 abunde
978 578 1087 617 satis
1116 578 1331 627 quantum
1363 575 1579 626 suspicor,
1610 575 1798 621 constat,
1827 572 1922 613 R.de

301 644 538 683 admodum
584 644 630 683 in
674 643 803 683 Chro.
838 643 902 690 P.‚
935 644 1101 693 quanta
1130 652 1227 679 cum
1260 639 1528 679 exaltatione
1571 638 1766 678 nominis
1796 637 1922 678 IESV

302 719 352 747 ac
382 709 681 759 proximorum
713 708 857 748 fructu
887 707 1121 756 collegium
1155 706 1237 744 hoc
1266 704 1522 755 opinionem
1551 715 1762 754 spemque
1790 703 1843 742 de
1877 714 1923 742 se

301 773 561 812 concitatam
586 775 775 819 tueatur,
799 775 841 812 et
866 771 1179 811 authoritatem
1205 769 1429 816 maiorem,
1453 768 1696 808 vberiorem
1718 767 1921 817 gratiam,

303 848 392 876 non
422 839 511 877 tam
541 837 642 886 sibi,
675 849 807 888 quam
839 836 1061 882 Societati,
1093 845 1349 885 comparare
1379 833 1567 872 studeat.

381 902 446 942 38.
478 902 625 941 Dicam
665 901 736 941 hic
777 901 909 940 etiam
953 900 1068 950 quod
1102 900 1188 937 fere
1220 900 1387 938 fueram
1417 898 1598 945 oblitus,
1631 897 1759 936 initio
1788 896 1925 936 huius

303 966 640 1016 quadrimestris
670 966 845 1005 relictos
870 977 895 1004 a
917 966 1044 1003 Patre
1071 965 1248 1003 uec-tore
1279 963 1416 1002 fuisse
1437 962 1687 1013 Tyrnauiae
1708 961 1757 1001 D.
1775 960 1924 1011 Seydll

303 1041 353 1068 ac
397 1030 673 1070 Anthonium
722 1030 976 1072 Flandrum,
1021 1031 1066 1068 ut
1113 1027 1340 1067 mittendis
1387 1027 1501 1066 circa
1548 1026 1679 1066 finem
1722 1025 1925 1065 Octobris

305 1094 508 1144 proximi,
540 1107 630 1134 non
673 1097 761 1134 tam
792 1096 996 1145 pararent
1025 1094 1185 1139 locum,
1218 1104 1349 1143 quam
1381 1093 1584 1142 paratum
1623 1091 1921 1141 disponerent.

304 1160 461 1198 Postea
491 1171 596 1199 uero
627 1159 812 1198 missum
843 1159 980 1198 fuisse
1003 1158 1217 1201 Palmam,
1241 1157 1316 1208 qui
1347 1157 1440 1196 illic
1469 1158 1618 1207 ageret
1637 1167 1804 1195 cocum.
1829 1153 1924 1203 Qua

303 1236 356 1262 ex
385 1235 430 1263 re
460 1224 586 1271 illud,
618 1224 773 1264 diuina
803 1224 959 1275 gratia,
987 1223 1189 1262 effectum
1220 1224 1300 1269 est,
1335 1224 1381 1261 ut
1409 1223 1529 1260 totus
1559 1220 1750 1271 populus
1779 1221 1925 1271 tyma-

304 1288 473 1328 uiensis
515 1301 677 1340 magno
719 1291 971 1328 nostrorum
1012 1290 1213 1327 teneatur
1242 1286 1487 1337 desyderio.
1521 1286 1679 1325 Mirum
1710 1286 1776 1324 est
1804 1284 1924 1323 dictu

303 1356 470 1404 quanta
499 1354 556 1393 sit
586 1354 716 1393 nobis
736 1354 853 1403 apud
875 1353 1088 1404 populum
1120 1353 1262 1397 illum,
1285 1351 1469 1402 eiusque
1490 1350 1661 1390 vicinos
1691 1349 1925 1389 conciliata

304 1419 460 1469 gratia,
487 1420 741 1470 quantaque
762 1418 1009 1458 authoritas
1030 1418 1305 1467 eomparata3
1340 1416 1497 1467 partim
1520 1415 1745 1467 doctor[is]
1768 1413 1925 1465 Seydel

304 1483 570 1534 gratissimis
601 1483 680 1522 toti
709 1483 880 1522 ciuitati
911 1483 1209 1530 contionibus,
1257 1482 1415 1531 partim
1456 1480 1686 1527 modestia,
1718 1479 1927 1519 aliarum-

303 1559 389 1598 que
411 1548 622 1588 virtutum
654 1548 876 1599 insignijs,
900 1559 1012 1598 quae
1042 1547 1087 1585 in
1118 1546 1283 1585 nostris
1313 1546 1531 1591 relucent;
1556 1545 1715 1595 partim
1738 1543 1923 1594 Antonij

304 1612 592 1659 lectionibus3
618 1612 808 1651 maxime
838 1624 957 1659 uero,
981 1613 1112 1651 rebus
1142 1611 1247 1660 illis,
1280 1623 1392 1662 quae
1425 1611 1494 1650 uel
1524 1610 1569 1649 in
1600 1611 1683 1649 hoc
1712 1611 1926 1660 geruntur

304 1677 505 1727 collegio,
537 1689 648 1728 quas
678 1679 806 1716 notas
835 1677 999 1716 habent
1032 1676 1113 1716 uiri
1146 1676 1211 1715 illi
1244 1676 1363 1722 boni,
1397 1676 1468 1715 uel
1498 1676 1551 1714 (le
1580 1675 1748 1721 eodem,
1786 1674 1926 1725 deque

304 1743 395 1780 tota
425 1741 640 1781 Societate
671 1741 835 1792 passim
866 1743 1151 1792 sparguntur,
1175 1743 1223 1780 ut
1255 1741 1381 1780 facile
1403 1740 1507 1780 hinc
1528 1740 1586 1779 sit
1605 1751 1780 1790 sperare
1801 1738 1925 1778 breui

306 1817 511 1857 magnam
533 1806 656 1845 illius
678 1806 829 1856 populi
860 1806 913 1844 ad
944 1806 1157 1856 optimam
1188 1808 1378 1844 mentem
1399 1807 1532 1855 atque
1554 1805 1723 1855 frugem
1745 1815 1927 1843 conuer-

304 1871 489 1910 sionem.
523 1871 641 1910 Haec
670 1871 760 1910 sint
789 1871 897 1910 satis
927 1871 979 1909 de
1011 1870 1095 1921 pijs
1126 1872 1379 1909 nostrorum
1409 1870 1569 1921 officijs
1598 1881 1647 1909 ac
1681 1870 1734 1908 de
1763 1868 1923 1915 fructu,

304 1947 432 1986 quem
478 1935 581 1974 indo
623 1936 678 1974 ad
721 1936 946 1986 proximos
976 1947 1205 1974 emanasse
1250 1935 1475 1975 nouimus.
1509 1935 1600 1974 Iam
1645 1946 1747 1973 vero
1785 1944 1926 1984 pauca

304 2000 488 2039 alterius
518 2000 706 2050 generis,
740 2000 915 2050 pietatis
945 2002 1088 2039 tamen
1122 2002 1422 2047 monumenta,
1454 1999 1728 2050 adijciemus.

383 2065 447 2103 39.
481 2064 572 2104 Sub
601 2064 711 2114 ipsis
740 2064 1078 2115 quadrimestris
1109 2065 1242 2104 huius
1274 2064 1431 2115 initiis,
1464 2076 1554 2103 non
1584 2066 1674 2103 tam
1704 2062 1925 2113 impetrati

304 2131 423 2175 sunt,
455 2140 588 2179 quam
620 2129 735 2168 ultro
758 2129 845 2168 fere
865 2141 890 2167 a
912 2129 1000 2169 ΜΛθ
1037 2141 1239 2168 caesarea
1270 2129 1400 2168 nobis
1429 2128 1582 2175 oblati,
1605 2127 1759 2167 floreni
1789 2127 1927 2166 octin-

305 2193 424 2244 genti
468 2193 724 2241 rhenenses‚
755 2193 919 2244 quibus
962 2194 1044 2232 hoc
1087 2205 1205 2233 anno
1249 2194 1489 2232 viennense
1532 2193 1766 2243 collegium
1801 2191 1927 2231 iuua-

305 2260 438 2297 retur.
472 2257 597 2296 Hanc
626 2257 809 2296 eandem
839 2269 1058 2296 summam
1088 2258 1459 2308 octingentorum,
1492 2260 1541 2297 ut
1570 2257 1820 2303 minimum,
1848 2256 1926 2295 flo-

306 2334 527 2369 renorum,
558 2334 706 2361 annue
750 2321 879 2361 nobis
922 2323 1179 2362 adiunctum
1213 2323 1282 2369 iri,
1315 2323 1366 2362 ad
1400 2323 1521 2362 mille
1550 2323 1778 2369 ducentos,
1814 2332 1926 2371 quos

305 2387 436 2426 annis
466 2387 657 2438 singulis
686 2387 828 2437 ipsius
857 2399 1060 2426 caesarea
1089 2388 1200 2426 Mstflss
1230 2390 1359 2427 antea
1388 2388 1493 2427 huic
1522 2388 1766 2426 donauerat
1794 2386 1926 2425 colle-

305 2451 393 2502 gio,
419 2451 697 2490 vehementer
716 2451 1009 2501 suspicamur.
1036 2452 1116 2491 His
1145 2452 1355 2492 omnibus
1384 2452 1539 2492 ssoreni
1561 2452 1664 2491 item
1686 2452 1926 2490 rhenenses

306 2516 427 2555 mille
455 2515 593 2555 additi
624 2517 743 2564 sunt,
766 2515 930 2566 quibus
960 2516 1126 2555 fabrica
1155 2517 1294 2555 nostri
1325 2517 1516 2568 collegij,
1547 2516 1779 2567 praeterito
1808 2526 1926 2554 anno

305 2580 494 2631 incepta,
526 2591 698 2620 sumere
742 2580 1061 2620 incrementum
1094 2580 1265 2633 [possit]
1305 2589 1337 2621 a.
1384 2582 1545 2621 Verum
1586 2581 1658 2620 his
1699 2581 1752 2620 de
1795 2580 1927 2619 rebus

305 2645 515 2695 scriptum
548 2647 678 2684 antea
708 2645 758 2684 R.
792 2645 839 2684 P.
873 2645 921 2684 T.
955 2645 1092 2684 fuisse
1126 2646 1342 2696 suspicor.

384 2710 448 2749 40.
487 2708 668 2760 Collegij
714 2709 818 2748 item
861 2710 1161 2760 tyrnauiensis
1209 2711 1400 2750 fabricae
1431 2711 1555 2750 R.11¹¹¹S
1585 2709 1923 2761 strygoniensis‚

305 2776 556 2813 nostrorum
577 2785 711 2813 suasu
736 2774 1049 2824 poecuniarum
1082 2774 1300 2825 imprimis
1329 2787 1455 2826 opem
1486 2775 1590 2815 huic
1619 2775 1744 2822 tulit3
1767 2774 1925 2814 deinde

306 2838 458 2878 literae
487 2838 688 2878 Caesaris
717 2838 770 2877 ad
801 2838 1109 2888 strygoniense
1138 2840 1398 2890 capitulum,
1430 2842 1472 2880 et
1502 2840 1832 2891 tyrnauiensem
1862 2850 1926 2878 se-

367 3020 386 3040 a
404 3012 485 3045 Hoc
506 3014 578 3044 aut
599 3012 730 3045 simile
752 3013 914 3045 verbnm
937 3012 1163 3045 desiderari
1189 3014 1358 3046 videtur.
