2028 3531
499 280 624 317 INDEX
651 293 938 325 PERSONARUM,

180 408 324 434 norum
353 408 496 440 mores,
523 398 614 442 3021;
653 401 841 448 dialogus
869 402 909 437 in

179 457 368 493 sollemni
395 457 623 494 studiorum
653 459 916 497 instauratio-

180 527 230 553 ne
255 516 465 559 recitatus,
490 517 578 560 661;
606 519 837 556 sacerdotes
863 520 913 556 ad

179 586 347 612 casuum
399 577 675 613 conscientiae
725 579 918 625 explana-

180 635 334 672 tionem
388 639 617 678 accurrunt,
667 637 732 677 020:
784 638 910 685 aliqui

179 694 313 741 graeci
333 694 593 738 adiuvantur,
611 696 699 739 3⁰2&
724 697 914 733 inimicus

179 753 332 790 nostris
373 754 675 797 reconciliatur,
718 759 758 792 et
808 756 910 793 miro

179 812 300 849 modo
319 813 493 849 insidias
512 813 627 861 fugit,
646 814 735 860 3³23;
762 815 914 852 abusus

179 872 222 908 in
248 872 531 909 defunctorum
557 872 709 916 funere,
727 875 815 919 4683
844 875 915 911 mi-

179 930 298 968 litum
348 932 628 969 confessiones
677 933 913 975 audiuntur,

177 990 267 1036 4683
304 991 461 1028 fructus
487 1002 536 1027 ex
563 996 911 1029 sacramentorum

179 1050 641 1095 administratione‚66‘2;
658 1055 913 1099 peccatorum

178 1111 479 1151 conversiones,
504 1110 594 1156 323;
621 1111 855 1147 comoediae
873 1115 912 1148 et

177 1168 264 1205 ludi
308 1169 450 1206 lascivi
494 1170 785 1217 impediuntur,
827 1171 914 1214 3Q43

178 1228 351 1265 dissidia
388 1233 702 1277 componuntur,
743 1230 796 1273 19,
827 1230 915 1270 4672

179 1288 321 1325 Fatres
347 1288 526 1325 Minores
544 1288 805 1336 Cappuccini‚
824 1290 913 1332 468,

178 1347 471 1385 Monasterium
511 1348 585 1385 Sti.
625 1348 792 1391 Placidi,
825 1349 914 1391 488:

178 1408 403 1445 monachae
429 1408 715 1452 reformantur,
741 1409 830 1451 470;
849 1420 915 1445 ex-

178 1479 322 1504 cursus
348 1468 391 1504 in
422 1468 665 1511 Calabriam,
703 1468 793 1511 663;
819 1468 910 1505 coll.

179 1530 324 1572 rector,
351 1539 386 1564 v.
409 1527 583 1570 Rodino,
611 1527 819 1564 Pantaleo.

133 1586 368 1634 Methymna
426 1587 567 1635 Campi
627 1587 804 1633 (Medina
853 1587 918 1624 del

178 1646 357 1694 Campo),
383 1658 591 1683 sacrorum
631 1647 912 1683 ministrorum

180 1707 419 1743 idoneorum
464 1707 647 1754 penuria,
690 1707 781 1751 0250;
824 1707 914 1743 coll.

180 1766 399 1802 Societatis
438 1766 529 1803 Iesu
568 1770 712 1807 status,
752 1767 809 1810 502,
835 1767 913 1807 0249,

177 1826 267 1869 53&
305 1826 616 1862 exhortationes
655 1826 914 1865 domesticae,

177 1885 266 1929 ‘2493
294 1889 390 1922 vota
416 1890 680 1929 renovantur,
707 1886 794 1925 251:
814 1886 915 1922 socii

178 1945 483 1991 peregrinatum
522 1945 647 1986 missi,
685 1945 773 1987 0250;
813 1945 916 1981 elee-

178 2014 350 2050 mosyna
400 2004 561 2050 collegii
613 2005 778 2045 donata,
824 2005 910 2041 540:

177 2063 407 2099 aedificium
423 2067 463 2100 et
479 2064 671 2110 templum
694 2064 911 2110 perficitur.

177 2123 297 2165 55-56,
319 2123 400 2167 0251,
418 2125 507 2163 540:
526 2135 686 2160 sacrum
715 2124 849 2159 oleum
870 2125 909 2159 in

177 2183 400 2219 sacrarium
448 2184 592 2219 domus
635 2184 807 2230 primum
855 2185 911 2218 in-

178 2242 316 2285 fertur,
333 2243 397 2281 54:
419 2243 572 2278 latinae
592 2243 757 2290 linguae
777 2243 913 2278 studio

178 2302 297 2337 enixe
336 2303 577 2343 intenditur,
612 2304 675 2345 52;
704 2303 914 2338 sollemnis

178 2361 407 2397 studiorum
448 2363 708 2400 instauratio,
742 2363 806 2399 53:
837 2373 915 2396 ma-

179 2421 357 2457 tutinum
398 2421 574 2457 officium
603 2422 642 2456 in
673 2422 813 2468 vigilia
847 2432 913 2456 ua-

179 2481 355 2516 tivitatis
383 2481 547 2516 Domini
575 2482 748 2520 canitur,
775 2481 840 2518 56:
861 2482 912 2515 te.-

177 2544 284 2576 stum
319 2541 643 2576 circumcisionis
683 2540 845 2575 Domini
874 2543 913 2575 et

180 2599 247 2635 SS.
267 2600 457 2646 Corporis
481 2599 632 2635 Christi
660 2600 914 2635 sollemniter

178 2662 368 2706 aguntur,
394 2661 451 2701 56,
481 2660 568 2699 :3392
597 2660 783 2695 doctrina
812 2659 914 2694 chri-

178 2719 315 2755 stiana
334 2731 404 2766 per
423 2720 511 2755 vias
530 2723 570 2755 et
589 2720 747 2755 vicinos
777 2730 912 2765 pagos,

178 2779 438 2815 scholasticis
467 2780 685 2826 magistros
717 2779 913 2814 comitan-

179 2838 301 2881 tibus,
340 2842 380 2874 et
422 2839 629 2874 lusoribus
673 2850 753 2873 non
799 2849 914 2884 repu-

179 2899 416 2945 gnantibus,
443 2902 645 2937 cantatur,
671 2899 728 2939 53,
746 2898 803 2938 55,
826 2898 912 2937 5392

181 2957 219 2994 P.
236 2958 383 2994 Rector
398 2959 437 2994 in
455 2958 590 3005 platea
607 2968 914 3003 nonnumquam

179 3019 454 3057 contionatur,
489 3018 576 3056 539:
616 3027 839 3052 concursus
866 3017 916 3052 ad

179 3081 447 3116 sacramenta.
474 3077 562 3115 539:
585 3076 751 3112 iubilaei
781 3086 916 3113 causa.

966 294 1104 320 RERUM
1134 294 1182 320 Ac
1209 293 1397 320 LOCORUM
1647 283 1716 319 ὅθ’]

1033 402 1121 445 0250,
1149 402 1321 438 dissidia
1347 402 1585 449 composita,
1611 402 1676 446 55;
1703 413 1769 438 ex-

1037 472 1180 498 cursus
1199 461 1249 497 ad
1269 461 1474 504 viciniam,
1500 461 1587 503 ⁶35&
1614 462 1770 508 capitu-

1035 520 1117 557 lum
1145 520 1334 568 generale
1353 520 1539 557 Fratrum
1567 520 1769 556 Minorum

1039 580 1112 616 Sti.
1155 579 1373 622 Francisci,
1422 580 1556 623 54-553
1606 579 1767 626 collegii

1037 639 1240 682 fundator,
1279 650 1314 676 v.
1341 639 1566 680 Cuadrado,
1607 638 1769 681 Petrus;

1035 701 1166 734 rector
1203 698 1306 740 coll„
1341 709 1376 734 v.
1404 698 1578 734 Ioannes
1606 697 1769 734 Paulus.

986 757 1166 800 Michael,
1194 757 1348 800 Petrus,
1369 757 1406 794 S.
1427 757 1467 800 I.,
1487 756 1658 794 Colonia
1676 756 1771 792 Tre-

1036 817 1145 853 viros
1173 817 1334 859 missus,
1360 817 1441 853 365.

989 875 1274 923 Mignanellus,
1302 876 1485 918 Iacobus,
1511 876 1632 923 episc.
1659 885 1770 922 gros-

1033 938 1214 978 setanus,
1265 935 1460 982 templum
1511 935 1584 972 Sti.
1628 934 1785 981 Vigilii-

1033 1005 1123 1030 cum
1150 995 1345 1031 adiuncta
1361 994 1482 1031 domo
1507 994 1671 1031 senensi
1690 993 1771 1030 col-

1036 1053 1142 1100 legio
1168 1054 1307 1095 donat,
1335 1054 1413 1090 156.

988 1112 1182 1156 Miletum,
1207 1114 1265 1150 80.

990 1172 1147 1208 Minimi
1168 1172 1240 1209 Sti.
1260 1172 1466 1208 Francisci
1487 1183 1510 1208 a
1531 1171 1669 1213 Paula,
1689 1171 1771 1207 Bil-

1039 1231 1147 1276 lomi,
1174 1232 1230 1268 74.

988 1290 1182 1334 Miranda,
1212 1292 1292 1327 650.

990 1371 1032 1375 —
1060 1361 1194 1387 comes
1220 1351 1280 1393 de,
1308 1351 1387 1388 710.

991 1431 1032 1436 —
1061 1410 1109 1446 de
1138 1410 1254 1453 Ebro,
1279 1411 1360 1447 5⁸28.

989 1469 1131 1510 Miron,
1160 1470 1342 1513 Iacobus,
1370 1470 1408 1506 S.
1437 1470 1480 1514 1.,
1498 1471 1587 1511 443:
1607 1471 1769 1517 aliquas

1040 1529 1171 1565 Patris
1199 1528 1329 1565 Nadal
1348 1529 1631 1565 ordinationes
1653 1533 1769 1565 curat

1040 1589 1293 1625 exsecutioni
1322 1589 1519 1632 mandari,
1545 1589 1625 1626 437.

988 1647 1203 1684 Missiones
1229 1659 1298 1695 per
1337 1649 1584 1684 murcianam
1614 1649 1770 1685 dioece-

1036 1708 1124 1748 sim,
1152 1708 1238 1750 767;
1266 1711 1306 1744 et
1332 1719 1367 1744 v.
1396 1707 1559 1744 Murcia.

991 1766 1173 1809 Modena,
1202 1778 1235 1803 v.
1263 1767 1431 1803 Mutina.

989 1826 1190 1867 Modenes,
1218 1827 1404 1870 loannes,
1432 1827 1468 1863 S.
1489 1827 1527 1867 Ι..
1549 1828 1588 1862 in
1611 1827 1767 1863 Indiam

1038 1887 1321 1932 proficiscitur,
1347 1886 1426 1922 294.

991 1945 1187 1985 Modruss,
1227 1956 1316 1992 opp.
1352 1947 1390 1980 in
1431 1946 1605 1982 Croatia.
1632 1947 1768 1992 episc„

1038 2016 1071 2040 v.
1102 2005 1256 2051 Pioppi,
1284 2004 1451 2050 Dionys.

987 2064 1198 2110 Moguntia
1241 2064 1415 2109 (Mainz).
1458 2065 1521 2105 512
1565 2065 1702 2111 episc,
1734 2076 1767 2100 v.

1036 2124 1206 2159 Brendel
1250 2124 1298 2159 (le
1343 2123 1564 2170 Homburg,
1611 2124 1767 2160 Daniel.

987 2183 1160 2219 Molitor.
1192 2183 1331 2222 Lucas.
1361 2185 1396 2218 5.
1428 2183 1465 2220 l..
1493 2183 1590 2220 obit.
1616 2184 1696 2218 (585.

989 2242 1210 2277 Monachae
1242 2243 1280 2277 in
1325 2242 1442 2277 rebus
1481 2242 1768 2288 spiritualibus

1038 2303 1157 2337 iuvan
1167 2306 1241 2342 tur,
1260 2301 1424 2337 fuis-549.
1442 2302 1504 2336 (551
1522 2316 1529 2339 :
1546 2301 1768 2341 Bononiae,

1037 2361 1209 2398 75:3-7842
1254 2362 1443 2399 Calanae,
1476 2361 1561 2398 743:
1602 2360 1768 2402 Eborae,

1036 2420 1121 2458 717:
1144 2420 1363 2457 Messanae,
1383 2420 1470 2458 4702
1493 2420 1693 2457 Panormi,
1712 2421 1768 2456 30,

989 2479 1242 2515 Monacliium
1284 2479 1530 2523 (Miincben),
1569 2479 1659 2514 coll.
1687 2484 1768 2515 sta-

1038 2543 1113 2577 tus,
1142 2539 1220 2577 2³32,
1248 2539 1327 2580 471,
1347 2539 1434 2576 6155:
1455 2542 1546 2574 vota
1570 2550 1769 2574 renovan-

1037 2602 1112 2634 tur.
1139 2598 1227 2635 liti-3:
1256 2608 1403 2632 novum
1433 2598 1660 2633 aedilicium
1682 2609 1769 2644 per-

1037 2658 1180 2693 ficitur.
1212 2658 1294 2694 474:
1322 2657 1482 2702 collegii
1519 2656 1767 2692 bibliotheca

1036 2718 1281 2753 liberalitate
1325 2717 1439 2752 (lucis
1484 2717 1768 2762 locupletatur,

1035 2778 1121 2814 4742
1162 2776 1321 2820 collegii
1354 2776 1642 2813 benefactores,
1680 2776 1768 2814 476:

1038 2836 1229 2872 Albertus
1267 2835 1362 2875 dux,
1403 2845 1516 2875 uxor,
1551 2839 1589 2870 et
1630 2839 1768 2873 mater,

1037 2896 1207 2941 collegio
1249 2895 1375 2930 mulla
1403 2895 1599 2930 beneficia
1637 2895 1771 2930 confe-

1038 2959 1143 2995 runt,
1181 2954 1359 2993 ‹sio-671:
1388 2954 1435 2990 de
1462 2954 1634 3000 collegio
1673 2965 1771 3001 pau-

1040 3026 1173 3061 perum
1229 3013 1437 3049 fundando
1489 3014 1635 3059 agitur,
1679 3014 1768 3055 ³254:

1038 3074 1293 3109 alumnorum
1336 3083 1539 3113 numerus,
1573 3072 1768 3117 2513,‹566;
