2028 3531
344 283 414 319 578
818 284 1022 321 er‘rmmn
1058 286 1402 329 QUAansss'rnES

298 402 416 453 gulis
446 413 636 453 namque
665 402 822 442 diebus
853 406 993 453 preter
1022 405 1199 452 excepta
1229 402 1390 442 dictata
1422 403 1572 442 crebra
1602 403 1688 442 sibi
1718 404 1915 444 certatim

298 467 534 506 schedulas
578 467 814 513 missitant,
859 468 1023 518 quibus
1068 468 1195 517 plane
1239 469 1330 506 tum
1362 467 1417 506 ad
1447 467 1702 516 literariam,
1733 480 1831 508 cum
1862 469 1917 508 ad

298 532 585 571 christianam
632 532 833 570 militiam
880 532 1100 579 igniculos
1143 532 1396 571 admouent.
1445 532 1506 571 Ex
1535 532 1774 572 didascalis
1804 545 1918 573 vnus

300 596 407 635 mihi
441 596 719 635 renunciauit
752 608 859 646 pene
889 608 1056 642 omnes,
1103 608 1215 646 quos
1259 596 1449 635 habebat
1491 596 1750 647 discipulos,
1783 597 1914 637 vitam

298 663 498 711 expetere
529 661 833 708 monasticam,
865 661 935 700 cui
967 661 1144 711 quidam
1186 672 1280 699 sese
1320 661 1402 700 hoc
1441 661 1785 701 intermissionis
1814 664 1919 701 tem·

299 738 403 777 pore
432 726 584 765 adixit.
619 726 747 765 Prius
778 728 921 764 tamen
949 738 1080 776 quam
1105 726 1211 764 haec
1232 726 1459 765 literarum
1482 726 1761 777 intercapedo
1781 726 1916 774 fieret,

299 791 504 830 nonnulli
534 802 584 830 ex
616 791 862 829 scolasticis
890 790 978 829 dno
1008 791 1245 829 actitanere
1274 791 1512 841 colloquia,
1543 803 1731 842 quorum
1762 794 1804 831 et
1833 791 1917 842 ipsi

298 856 508 895 authores
537 855 730 894 extitere.
764 854 991 895 Collubuit
1034 867 1164 905 quam
1214 855 1451 905 plurimum
1496 856 1686 895 actionis
1725 856 1846 907 lepor
1878 858 1919 896 et

300 923 509 960 venustas
539 921 672 960 simul
701 923 743 959 et
775 921 971 960 materia.
1004 932 1173 959 necnon
1206 923 1430 959 seruatum
1467 921 1666 971 apposite
1695 921 1917 969 decorum,

298 988 338 1025 et
368 985 583 1024 orationis
612 997 838 1024 numerus.
872 985 999 1024 Pueri
1023 985 1099 1035 qui
1132 985 1272 1034 legere
1303 987 1343 1023 et
1374 985 1564 1025 scribere
1602 986 1793 1032 discunt,
1825 987 1919 1025 tum

298 1050 429 1089 etiam
461 1050 660 1089 doctrina
690 1049 934 1088 christiana
954 1049 1241 1096 imbuuntur;
1283 1049 1427 1089 affluit
1448 1052 1740 1090 trecentorum
1773 1050 1918 1090 multi-

299 1114 420 1154 tudo.
453 1114 626 1164 Quanta
656 1114 713 1153 sit
746 1114 814 1153 liis
847 1126 1012 1153 morum
1047 1114 1294 1165 integritas,
1326 1126 1457 1164 quain
1489 1115 1677 1154 candida
1709 1127 1847 1163 mens,
1878 1118 1920 1155 et

299 1179 354 1218 ad
383 1180 551 1230 optima
579 1191 780 1230 quaeque
824 1181 1053 1229 praecepta
1097 1179 1352 1218 imbibenda
1397 1182 1564 1230 parata,
1609 1180 1710 1231 quis
1739 1192 1829 1219 non
1860 1181 1920 1220 vi·

299 1243 428 1283 deat?
458 1244 649 1283 Verbum
681 1243 894 1291 ociosum,
918 1246 992 1283 aut
1014 1244 1182 1293 alioqui
1206 1255 1293 1282 non
1316 1244 1563 1291 honesturn,
1592 1244 1918 1293 iusiurandum,

299 1309 529 1356 iniurium,
562 1320 615 1348 ne
645 1308 824 1348 auditur
853 1308 1059 1358 quidem:
1092 1320 1191 1348 cum
1215 1309 1440 1359 vapulant,
1465 1321 1553 1348 non
1582 1309 1921 1350 clamosioribus

301 1376 485 1414 vtuntur
514 1374 712 1413 vocibus.
745 1374 821 1413 sed
851 1374 934 1412 hoc
963 1377 1025 1413 est
1059 1374 1149 1412 illis
1178 1376 1217 1412 et
1250 1373 1594 1423 vociferationis,
1630 1377 1673 1414 et
1703 1374 1748 1414 in
1778 1375 1921 1426 queri-

300 1439 473 1478 moniae
521 1439 666 1478 locum
697 1439 770 1487 (ob
801 1437 964 1478 Christi
1004 1450 1194 1477 amorem
1240 1439 1324 1477 hoc
1367 1438 1454 1489 fiet)
1501 1439 1689 1489 genibus
1731 1439 1921 1479 subinde

301 1504 440 1552 flexis,
472 1504 599 1555 quasi
630 1515 708 1554 pro
738 1503 898 1542 collato
943 1515 1136 1547 munere.
1170 1503 1259 1542 Deo
1289 1503 1455 1554 gratias
1497 1503 1675 1543 habent.
1721 1503 1921 1556 Singulis

301 1568 537 1608 dominicis
573 1580 622 1607 ac
657 1567 826 1607 feriatis
866 1568 1023 1607 diebus
1067 1568 1340 1619 elementarij
1387 1568 1509 1618 pueri
1553 1580 1643 1608 una
1685 1580 1783 1609 cum
1827 1569 1923 1609 suis

300 1633 540 1685 magistris,
572 1633 664 1671 bini
695 1633 881 1679 terniue,
904 1645 956 1671 ex
976 1633 1131 1671 ordine
1169 1632 1420 1679 coadunati,
1444 1633 1691 1672 doctrinam
1720 1633 1922 1673 christia-

300 1711 399 1738 nam
435 1710 508 1749 per
548 1698 642 1737 vias
684 1697 900 1748 publicas,
949 1699 1183 1747 praeeunte
1226 1697 1369 1736 crucis
1413 1697 1589 1745 vexillo,
1637 1698 1920 1738 modulatiori

301 1775 405 1802 voce
434 1763 653 1802 intonant.
687 1762 768 1801 Vbi
800 1762 855 1800 ad
885 1762 1157 1812 frequentem
1201 1761 1395 1812 aliquem
1440 1762 1583 1801 locum
1624 1763 1919 1813 peruenerint,

300 1830 353 1868 de
382 1828 575 1879 singulis
604 1828 830 1867 doctrinae
859 1827 1156 1878 interrogatis,
1190 1839 1305 1866 Vnus
1334 1829 1408 1866 aut
1448 1828 1559 1867 alter
1600 1828 1811 1879 magistro
1841 1828 1921 1868 sci-

301 1894 478 1933 scitanti
507 1901 523 1919 8
564 1893 778 1932 rationem
814 1892 969 1931 reddit.
1018 1892 1302 1931 Postmodum
1349 1892 1417 1932 Pr.
1465 1895 1605 1932 rector
1646 1893 1922 1933 concendens

300 1959 466 2010 aliquo,
510 1957 782 1997 dominicum
827 1969 975 1995 semen
1020 1958 1133 1996 bona
1177 1968 1274 1996 cum
1307 1955 1325 1982 ¹¹
1357 1957 1635 1997 audientium
1680 1958 1804 2008 fruge
1841 1957 1921 1997 dif-

302 2024 462 2064 fundit.

379 2089 418 2129 6.
452 2089 569 2128 Haec
598 2089 717 2135 sunt,
752 2087 1005 2126 Reuerende
1037 2087 1178 2131 Pater.
1211 2099 1323 2138 quae
1355 2088 1554 2138 proximo
1594 2088 1792 2128 semestri
1826 2087 1919 2140 [sic]

301 2166 378 2206 per
406 2154 484 2194 Dei
515 2153 702 2205 gratiam
732 2165 784 2192 ex
813 2153 896 2191 hoc
931 2153 1157 2191 Montillae
1197 2153 1383 2203 collegio
1429 2153 1641 2203 prodiere.
1688 2153 1772 2193 Sed
1814 2153 1920 2204 quid

301 2220 408 2259 haec
437 2219 587 2258 omnia
617 2230 719 2268 prae
750 2218 839 2256 illis
869 2228 981 2267 quae
1010 2229 1062 2255 ex
1094 2216 1207 2256 Vrbe
1237 2217 1367 2256 nobis
1392 2218 1690 2265 innotescunt,
1721 2230 1922 2269 quaeque

301 2284 465 2324 ibidem
505 2283 786 2333 omnipotens
829 2282 946 2321 Deus
976 2294 1052 2332 per
1082 2281 1314 2321 Societatis
1359 2282 1656 2322 ministerium
1698 2285 1918 2334 operatur,

302 2349 425 2401 quid,
458 2349 656 2400 inquam,
689 2348 797 2386 haec
834 2359 934 2386 cum
978 2347 1049 2385 his
1091 2358 1204 2397 quae
1248 2347 1411 2398 Bilonij
1458 2347 1568 2399 [sic].
1614 2348 1794 2399 Pragae,
1840 2347 1923 2387 En-

302 2413 509 2465 golstadij
541 2415 582 2452 et
611 2412 799 2451 aliorum
844 2411 1131 2462 collegiorum
1171 2423 1221 2450 ac
1256 2412 1592 2451 prouinciarum
1635 2412 1774 2452 literis
1816 2412 1923 2452 refe·

302 2479 494 2518 runtur?
524 2477 644 2517 Licet
672 2477 789 2516 enim
821 2487 1007 2526 paruum
1038 2476 1094 2515 sit
1124 2476 1336 2526 oppidum
1362 2477 1562 2516 Montilla
1588 2477 1725 2516 tantis
1753 2489 1803 2517 ac
1832 2479 1921 2516 tam

302 2543 532 2594 populosis
563 2544 624 2593 (ut
657 2542 717 2581 ita
747 2541 948 2591 dixerim)
971 2540 1230 2580 ciuitatibus
1251 2541 1476 2589 collatum,
1499 2553 1550 2581 ac
1577 2542 1759 2593 proinde
1785 2542 1923 2594 quod-

302 2608 369 2648 vis
398 2620 510 2658 opus
540 2608 703 2646 bonum
737 2605 878 2656 magis
907 2617 1001 2644 sese
1034 2612 1047 2631 ⁰
1080 2605 1151 2644 hic
1182 2608 1372 2645 ostentet
1392 2606 1447 2646 ad
1475 2607 1776 2657 proximorum
1805 2607 1922 2647 aedi-

303 2673 567 2719 ficationem,
612 2683 744 2722 quam
789 2671 901 2710 alias
944 2670 1157 2721 grandius
1201 2670 1247 2709 in
1291 2671 1604 2722 grandioribus
1646 2672 1919 2720 ciuitatibus

303 2738 404 2789 quis
434 2741 581 2777 tamen
610 2736 782 2776 dubitet
812 2747 880 2774 res
910 2735 1030 2785 ipsas
1060 2738 1207 2785 gestas
1237 2747 1315 2786 pro
1345 2736 1413 2776 sui
1444 2736 1751 2787 magnitudine
1779 2739 1820 2777 et
1849 2737 1923 2776 ad-

304 2803 536 2842 miratione
574 2801 805 2841 hominum
849 2800 1023 2839 animos
1066 2800 1247 2839 attolere
1276 2800 1331 2839 ad
1361 2813 1435 2840 eas
1463 2812 1561 2840 cum
1592 2801 1671 2841 Dei
1700 2801 1922 2841 adiutorio

302 2867 637 2919 aggrediendas,
678 2868 754 2905 aut
797 2865 945 2904 saltim
989 2864 1248 2903 inuisendas
1291 2865 1548 2905 huiusmodi
1592 2866 1839 2917 prouintias
1872 2878 1922 2906 ac

364 3071 381 3088 a
424 3061 583 3094 Emend.
607 3069 654 3094 ex
678 3056 906 3091 sciscitandi.
932 3074 970 3078 —
994 3062 1012 3088 b
1035 3064 1117 3087 cum
1141 3064 1265 3097 supra
1291 3066 1391 3091 vers.
1416 3077 1454 3081 -
1479 3067 1493 3085 c
1513 3058 1673 3092 Emend.
1697 3068 1746 3092 ea:
1766 3068 1806 3091 se
1827 3067 1920 3092 esse.
