2028 3531
568 264 648 298 49¹0.
676 284 718 288 —
748 263 866 299 δελ-15
893 264 915 298 9
943 264 1171 300 FEBRUARH
1205 264 1284 298 1561
1630 267 1691 301 151

110 383 290 423 notione
322 383 493 433 pendet.
528 383 757 421 Praeterea
801 382 983 422 mininie
1026 383 1187 422 desunt
1231 383 1306 433 qui
1339 383 1384 421 in
1430 383 1624 422 triclinio
1670 387 1741 423 tta-

108 448 239 500 gellis
286 448 546 490 caeduntur.
591 447 667 498 qui
712 447 956 498 suiipsius
994 450 1265 498 contemptu,
1316 448 1391 499 qui
1425 448 1510 498 pijs
1557 450 1743 487 coeteri>=

108 513 287 564 studijs,
318 524 432 564 quae
462 525 487 552 a
517 512 733 552 Societate
764 514 915 552 nostra
946 512 1148 552 adhiberi
1179 513 1323 552 solent
1353 513 1406 552 ad
1429 513 1639 552 maiorem
1664 514 1741 552 Dei

108 578 297 629 gloriam
327 579 602 629 fratrumque
624 589 922 629 progressum,
955 578 1082 629 signa
1116 578 1350 629 probitatis
1377 578 1527 626 mirae,
1561 579 1743 618 humili-

110 644 228 691 tatis,
260 643 538 683 obedientiae
567 643 766 694 quotidie
798 655 899 693 prae
929 655 975 683 se
1006 644 1162 690 ferant,
1195 655 1275 683 nec
1304 655 1394 683 non
1421 643 1465 682 in
1489 644 1742 694 regularum

106 708 484 756 obseruationem,
516 720 630 760 quae
659 709 819 759 cuique
850 711 1051 748 nostrum
1082 709 1203 748 cordi
1236 709 1424 748 maxime
1454 721 1550 748 esse
1598 709 1740 757 debet,

107 775 230 813 omni
261 774 494 825 diligentia
526 774 804 814 incumbunt.
827 773 945 813 Laus
966 774 1057 813 Deo
1086 774 1287 813 omnium
1310 774 1527 813 bonorum
1550 774 1743 813 authori.

187 840 225 880 2.
257 839 385 889 Quod
415 839 471 878 ad
498 851 589 878 rem
612 838 874 878 familiarem
898 838 1071 883 attinet,
1096 839 1141 878 id
1162 839 1392 889 perhibere
1414 839 1632 882 ualemus,
1657 840 1744 878 Ma-

109 905 307 944 iestatem
340 904 541 944 diuinam
592 916 823 955 nunquam
872 916 954 943 nos
982 912 999 930 a
1036 904 1308 951 destituisse,
1359 904 1470 955 quin
1502 904 1547 943 in
1588 905 1744 955 primis

110 971 242 1010 tuerit
272 970 402 1010 nobis
431 970 589 1010 diuina
618 982 699 1010 sua
729 970 949 1021 opitulata
983 970 1141 1021 gratia,
1174 970 1334 1010 deinde
1356 982 1416 1018 re,
1444 970 1612 1010 uictum
1643 982 1745 1021 sup-

110 1036 364 1087 peditando,
396 1037 438 1075 et
466 1035 556 1075 alia
585 1037 745 1075 cuneta
774 1047 887 1086 quae
921 1037 1123 1086 spectant
1152 1036 1206 1075 ad
1237 1035 1623 1075 conseruationem
1654 1048 1746 1075 cor-

111 1101 242 1152 poris.
276 1101 425 1153 quue
457 1101 599 1153 magis
642 1103 821 1140 aeterna
851 1101 1139 1140 Prouidentia
1170 1101 1327 1147 elucet,
1369 1101 1579 1151 quamuis
1621 1101 1744 1141 omni

108 1169 304 1217 tempore
334 1169 545 1218 appareat
588 1167 830 1213 immensa;
863 1178 964 1206 cum
995 1166 1172 1206 nullum
1214 1166 1333 1206 enim
1378 1166 1570 1217 uectigal
1602 1169 1745 1217 preter

107 1232 294 1283 triginta
323 1244 482 1272 aureos
513 1243 724 1272 nummos
753 1243 930 1271 annuos
959 1231 1064 1271 huic
1094 1230 1292 1283 Collegio
1326 1231 1551 1279 reddatur,
1584 1231 1745 1271 nihilo-

109 1298 259 1338 minus
289 1300 437 1337 tamen
468 1309 513 1337 re
542 1297 640 1348 ipsa
675 1297 938 1336 confirmare
967 1296 1069 1336 licet
1099 1308 1180 1336 nee
1210 1296 1422 1336 uestitum
1466 1308 1546 1336 nec
1576 1296 1744 1336 uictum

109 1375 307 1415 unquam
337 1363 469 1403 nobis
498 1363 708 1402 defuisse.
757 1361 1056 1412 Quamobrem
1090 1362 1258 1402 dictum
1289 1362 1425 1402 illud:
1462 1377 1482 1396 ‹<
1512 1362 1636 1402 Nihil
1666 1362 1745 1401 ha-

108 1429 277 1475 bentes,
309 1428 461 1468 omnia
491 1427 771 1479 possidentes
802 1443 821 1462 >›
856 1429 884 1474 ¹,
916 1439 1007 1466 non
1037 1427 1232 1474 mentiri,
1264 1439 1395 1467 nemo
1425 1429 1628 1467 nostrum
1655 1439 1745 1467 non

108 1494 245 1534 uidet.
271 1494 321 1533 In
342 1495 601 1545 paupertate
631 1493 782 1544 itaque
811 1493 927 1532 laeta
953 1493 1084 1544 (quae
1113 1492 1294 1544 quidem
1315 1492 1354 1532 si
1374 1493 1506 1540 laeta,
1539 1493 1745 1532 habenda

108 1572 199 1599 non
228 1561 294 1599 est
323 1559 518 1610 amplius
548 1561 804 1610 paupertas)
835 1558 974 1598 uitam
1005 1558 1296 1606 traducimus,
1320 1558 1381 1598 ita
1411 1570 1511 1598 cum
1535 1558 1611 1598 illa
1634 1559 1745 1598 bene

106 1625 417 1671 conuenimus,
436 1627 484 1665 ut
502 1624 590 1664 iam
607 1624 889 1676 quodamodo
908 1624 1114 1664 uideatur
1130 1623 1147 1649 ¹*
1168 1656 1176 1671 ‚
1198 1626 1244 1664 ut
1256 1623 1319 1663 sie
1332 1624 1505 1675 loquar,
1520 1636 1602 1663 nos
1615 1624 1744 1674 quasi

108 1691 217 1731 fides
241 1690 478 1739 defecisse3
510 1702 611 1731 cum
650 1690 811 1730 etenim
838 1690 948 1730 fides
977 1690 1035 1729 sit
1060 1702 1214 1729 eorum
1244 1702 1358 1741 quae
1396 1690 1482 1730 sub
1517 1692 1745 1741 aspectum

107 1769 199 1796 non
227 1757 407 1802 eadunt,
450 1757 495 1796 in
526 1755 704 1796 senensi
747 1755 936 1807 collegio
980 1755 1095 1795 inter
1137 1767 1293 1795 omnes
1335 1757 1524 1803 constat,
1570 1757 1612 1795 et
1656 1755 1746 1794 fere

107 1822 250 1862 oculis
279 1822 504 1862 cernimus
533 1821 735 1862 diuinam
767 1821 923 1861 adesse
954 1821 1306 1867 Prouidentiam,
1332 1821 1634 1872 omnibusque
1655 1833 1746 1860 non

107 1888 210 1935 sibi,
242 1890 287 1927 at
316 1887 582 1939 benignitati
612 1887 709 1927 eius
739 1886 1069 1926 confidentibus
1098 1887 1385 1926 uehementer
1414 1886 1666 1938 suffragari.

186 1954 225 1993 3.
258 1953 563 1993 Eleemosinae
592 1964 706 2004 quae
736 1952 868 1991 nobis
898 1951 1121 1991 interdum
1152 1951 1199 1991 in
1229 1959 1243 1978 0
1278 1963 1452 1991 summa
1497 1952 1746 2003 indigentia

108 2019 393 2059 uersantibus
427 2018 695 2058 exhibentur
724 2030 749 2057 a
778 2017 944 2069 quibus
988 2017 1223 2068 praecipue
1255 2017 1437 2057 minime
1467 2019 1743 2068 putaramus.

108 2085 169 2124 ita
190 2086 467 2136 opportunae
496 2083 710 2131 existunt,
737 2086 782 2123 ut
804 2083 919 2122 nihil
949 2095 1098 2134 supra.
1122 2083 1184 2122 Ex
1206 2083 1417 2122 omnibus
1446 2083 1523 2134 qui
1554 2083 1746 2134 benigne

108 2150 239 2189 nobis
260 2150 444 2196 faciunt,
467 2149 869 2189 animaduertimus
891 2148 1121 2188 mulierem
1140 2148 1324 2188 uiduam
1340 2148 1563 2199 insignem
1585 2148 1744 2188 sancti-

108 2216 273 2263 monia,
306 2216 468 2267 pietate
498 2227 548 2255 ac
580 2214 794 2266 peculiari
825 2226 931 2254 cura
961 2214 1008 2253 in
1038 2214 1122 2254 hoc
1165 2214 1403 2265 collegium
1447 2213 1666 2255 affectam.
1699 2214 1745 2252 in

108 2281 371 2321 Societatem
419 2281 561 2331 deque
613 2280 745 2319 nobis
788 2280 899 2319 bene
957 2279 1175 2327 meritam,
1226 2291 1359 2330 quam
1409 2279 1486 2330 qui
1537 2279 1741 2318 maxime.

107 2347 329 2386 Auderem
360 2346 494 2385 ferme
537 2345 755 2385 affirmare
800 2344 957 2384 maiori
988 2344 1073 2395 ipsi
1105 2346 1257 2384 nostra
1301 2356 1432 2384 curae
1468 2356 1578 2391 esse,
1610 2356 1744 2395 quam

108 2411 239 2452 nobis
269 2412 402 2462 ipsis;
436 2412 544 2451 haec
573 2423 679 2450 suas
709 2411 913 2450 fortunas
942 2410 1130 2461 collegio
1162 2410 1358 2460 impertit
1387 2422 1486 2449 cum
1520 2410 1607 2448 iam
1639 2421 1745 2461 sup-

108 2477 326 2528 pellectile
369 2479 506 2516 totam
550 2477 732 2516 domum
761 2475 779 2501 <¹
812 2475 1052 2515 ornauerit.
1084 2475 1153 2514 Ad
1184 2475 1267 2514 hoc
1296 2475 1465 2514 aceedit
1508 2475 1626 2525 quod
1657 2477 1744 2514 sta-

108 2544 253 2582 tutum
284 2542 418 2581 habet
438 2541 577 2581 animi
608 2541 749 2580 nostri
771 2548 786 2566 Ε*
818 2540 961 2591 gratia
991 2540 1180 2580 fundum
1212 2540 1421 2587 nierca1·i;
1446 2542 1548 2579 ante
1574 2539 1745 2579 obitum

108 2619 215 2647 uero
244 2620 377 2647 suum
406 2607 606 2647 omnium
637 2607 858 2646 bonorum
887 2606 1125 2657 collegium
1157 2606 1388 2645 haeredem
1412 2617 1458 2644 se
1480 2605 1746 2656 scripturam

106 2675 372 2714 testamento
419 2672 702 2713 confirmauit
731 2673 760 2712 ².
795 2671 891 2711 Non
940 2683 1068 2711 secus
1115 2683 1165 2711 ac
1209 2671 1336 2711 alteri
1386 2671 1432 2710 in
1480 2671 1632 2710 animo
1680 2673 1745 2710 est

190 2812 208 2831 a
226 2813 293 2836 nos
330 2812 457 2844 supra
499 2812 597 2835 vers.
622 2821 662 2825 —
685 2802 704 2828 b
724 2802 888 2834 Emewcl.
913 2811 961 2833 eae
984 2802 1146 2834 uidetur.
1165 2821 1203 2824 —
1221 2810 1235 2829 c
1261 2803 1298 2833 in
1323 2811 1448 2842 snpra
1470 2810 1568 2834 cers.
1594 2821 1633 2824 —
1649 2802 1665 2827 *l
1686 2802 1748 2834 do-

110 2866 207 2889 mam
230 2866 301 2889 ms.
327 2876 365 2879 —
390 2865 405 2883 e
425 2856 545 2888 nostri
568 2864 696 2897 supra
719 2864 821 2888 «vers.

172 2979 182 2996 ¹
205 2977 258 3009 Cf.
282 2977 316 3009 II
339 2976 532 3013 Commu„
557 2975 616 3013 VI,
644 2976 693 3007 10.

170 3033 182 3050 2
205 3030 261 3063 Ad
277 3030 374 3063 hanc
390 3030 490 3071 piam
506 3029 682 3061 feminam
705 3028 881 3060 videntur
904 3028 1105 3061 referenda.
1132 3037 1228 3069 quae
1244 3027 1432 3060 habentur
1447 3028 1486 3060 in
1503 3030 1661 3069 antiquo
1677 3037 1745 3060 ms.

108 3085 179 3117 sub
202 3083 272 3116 hoc
295 3083 426 3116 titulo:
455 3097 470 3112 «
488 3083 654 3115 Historia
677 3082 735 3115 del
758 3081 922 3122 Collegio
945 3081 982 3113 di
1011 3082 1121 3114 siena
1139 3096 1168 3113 ».
1197 3094 1211 3109 «
1229 3081 1330 3122 Dopo
1355 3082 1527 3113 un’anno
1551 3080 1571 3113 ὸ
1594 3081 1655 3113 doi
1679 3080 1747 3113 che
