2028 3531
563 274 644 310 500.
672 295 714 300 —
744 274 926 310 Nmpom
959 275 1000 309 16
1028 274 1197 309 Apmms
1230 274 1313 309 1561
1648 274 1713 309 1117

126 396 349 433 namenta.
399 393 458 432 De
490 393 673 444 reliquis
703 394 851 432 autem
881 393 936 432 ad
967 392 1336 432 sustentationem
1384 392 1646 441 necessariis
1672 395 1759 431 tam

125 458 302 498 abunde
332 458 462 498 nobis
494 459 696 510 prouidet
724 458 944 498 Dominus
974 469 1050 509 per
1080 457 1216 508 hujus
1249 457 1368 496 vrbis
1398 457 1583 498 incolas
1619 459 1675 496 vt.
1702 457 1761 495 vi-

126 526 255 573 gente
284 535 374 563 non
406 524 577 564 modica
621 524 750 575 panis
779 535 830 563 ac
858 523 1007 563 carnis
1050 523 1218 573 inopia,
1251 534 1333 562 nos
1362 534 1415 562 ex
1446 521 1623 561 residuo
1654 534 1761 560 non-

125 588 274 628 nullas
318 600 563 640 pauperum
596 601 724 634 casas
768 588 951 640 (collata
994 590 1159 628 secrete
1202 588 1498 638 eleemosyna)
1544 588 1760 626 sustente-

125 665 238 693 mus.
272 654 353 693 Det
384 654 475 694 illis
504 654 715 694 omnibus
745 654 864 694 Deus
895 666 972 705 pro
1003 653 1190 693 terrenis
1219 653 1442 699 coelestia,
1474 655 1516 691 et
1547 664 1624 703 pro
1655 654 1760 691 tem-

124 719 354 769 poralibus
397 719 681 770 sempiterna.
733 719 933 770 Denique
976 720 1165 758 testatur
1213 718 1325 757 illud
1375 718 1489 757 idem
1539 717 1762 756 maximus

124 783 375 834 principum
411 784 548 835 hujus
578 784 752 824 insulae
783 786 925 831 fauor,
961 783 1174 835 proregis,
1209 783 1428 830 videlicet.
1462 783 1600 822 totius
1636 782 1759 833 regni

124 849 382 892 visitatoris,
415 850 552 889 huius
572 849 818 889 turritanae
849 849 1108 900 prouinciae
1129 849 1457 900 gubernatoris,
1481 848 1761 898 aliorumque

122 914 365 962 nobilium;
398 914 475 966 qui
506 927 661 954 omnes
691 927 902 966 inagnum
933 915 1139 954 deferunt
1169 916 1346 953 nostrae
1375 913 1584 953 Societati
1621 913 1761 952 hono—

122 991 228 1022 rem.
261 982 393 1031 atque
422 980 721 1025 autoritatem,
754 982 932 1020 nostros
961 992 1092 1031 saepe
1123 980 1169 1019 in
1198 979 1352 1019 arduis
1382 979 1573 1030 negotijs
1612 981 1653 1018 et
1683 979 1762 1018 ali-

121 1044 251 1095 cujus
280 1046 491 1085 momenti
521 1047 819 1086 consulentes.
872 1046 1060 1086 Maxime
1090 1048 1239 1086 tamen
1269 1045 1340 1085 his
1370 1045 1527 1085 diebus
1571 1044 1761 1084 illustris

122 1122 293 1161 prorex.
328 1123 405 1162 pro
444 1112 725 1151 reformando
770 1112 906 1161 hujus
949 1111 1148 1151 ciuitatis
1192 1111 1485 1157 xenodochio,
1527 1110 1761 1150 Societatis

120 1187 245 1226 opem
292 1177 538 1223 inuocauit,
584 1189 723 1229 eaque
767 1177 1012 1228 aliquando
1057 1189 1182 1222 usus,
1215 1188 1446 1227 speramus
1492 1176 1586 1220 (Dei
1618 1175 1760 1227 gratia

121 1243 313 1291 fauente)
347 1242 605 1282 huiusmodi
639 1243 881 1291 nega-otium,
916 1255 1016 1282 eum
1047 1243 1195 1285 finem.
1219 1242 1295 1293 qui
1321 1242 1462 1293 magis
1483 1242 1537 1281 ad
1569 1242 1647 1281 Dei
1670 1241 1760 1292 glo-

121 1306 230 1346 riam
261 1310 443 1359 spectet,
480 1310 876 1359 consequuturum.
926 1308 1144 1359 Dignetur
1176 1308 1275 1359 pius
1305 1310 1347 1347 et
1378 1307 1630 1347 misericors
1673 1307 1760 1346 Do-

119 1372 270 1412 minus
299 1385 407 1413 suae
436 1374 605 1424 gratiae
636 1386 718 1413 nos
749 1374 987 1425 participes
1018 1376 1174 1414 facere.
1198 1377 1420 1424 quatenus
1441 1373 1494 1413 de
1516 1373 1646 1412 nobis
1667 1372 1760 1423 opi-

119 1438 244 1477 nioni
288 1441 525 1490 conceptae
570 1440 835 1490 respondere
881 1439 1133 1483 valeamus2
1180 1439 1314 1490 idque
1358 1439 1550 1478 tacilime
1594 1438 1757 1486 (credo)

118 1504 327 1543 concedet
358 1504 762 1544 misericordiarum
798 1505 926 1544 Pater
956 1505 1188 1556 sacrificijS
1218 1517 1268 1543 ac
1302 1504 1504 1555 precibus
1539 1504 1587 1543 T.
1624 1504 1672 1543 R.
1710 1504 1755 1542 P.

119 1581 291 1609 necnon
322 1572 362 1609 et
392 1570 758 1610 charissimorum
792 1571 969 1610 Patrum
1003 1582 1053 1610 ac
1084 1571 1284 1610 fratrum.
1317 1583 1507 1622 quorum
1543 1570 1758 1619 suffragio

117 1635 287 1686 indiget
316 1635 557 1675 admodum
588 1648 756 1675 nouum
787 1637 869 1676 hoc
900 1636 1201 1687 collegiolum.
1245 1636 1562 1687 humiliterque
1599 1636 1758 1686 implo-

118 1702 197 1740 rat.
228 1700 350 1740 Yale.
383 1700 603 1740 Turribus
634 1703 644 1724 1
677 1700 910 1741 Sardiniae
943 1702 989 1740 17
1022 1702 1137 1741 Kall.
1172 1701 1273 1751 Maij
1310 1702 1426 1742 1561.

226 1765 285 1804 Ex
315 1766 583 1805 comissione
614 1766 703 1806 ΒΑΗ
728 1766 824 1806 Psi-*⁴
848 1767 1001 1818 Magri.
1039 1767 1171 1806 Pisies
1203 1767 1415 1807 Hectoris
1455 1791 1498 1794 —
1531 1767 1577 1807 T.
1618 1767 1666 1807 R.
1710 1767 1753 1806 Ρ.

118 1830 331 1871 minimus
360 1833 402 1870 et
434 1831 608 1871 inutilis
639 1844 798 1872 seruus
829 1833 875 1872 in
905 1833 1020 1873 Dno.

1045 1916 1322 1955 FRAxcisccs
1355 1918 1587 1956 Axroxms
1618 1917 1648 1956 ².

222 2010 553 2059 Quadrimestre
582 2011 635 2050 de
666 2010 862 2050 Cerdei‘ia
894 2011 946 2050 de
980 2012 1027 2050 15
1057 2012 1109 2050 de
1142 2011 1267 2050 Abril
1306 2012 1416 2050 1561.

876 2224 990 2274 500

542 2364 595 2414 Ρ.
644 2365 940 2416 EMERIUS
1004 2366 1093 2416 DE
1132 2367 1324 2417 BONIS

629 2491 804 2516 NEAPOLI
836 2482 878 2516 16
906 2492 1066 2518 Aemus
1100 2483 1180 2518 1561
1213 2474 1237 2518 ²³⁵.

112 2587 165 2624 P.
199 2588 431 2626 Enim-inm
463 2589 512 2627 (Ie
555 2590 696 2628 Bonis
739 2591 979 2630 Lavelletm
1023 2592 1316 2631 contionandi
1359 2605 1497 2631 causa
1546 2594 1750 2636 missmn.

219 2653 365 2703 aliqui
394 2655 509 2692 eice-s·
540 2667 565 2693 (ι
595 2655 877 2695 contionibus
906 2657 1120 2696 habendis
1147 2658 1378 2707 prohibere
1411 2659 1574 2705 volunt,
1608 2659 1753 2696 (elium

218 2719 570 2758 contionalorem
602 2721 894 2760 obtendentes.
929 2722 1018 2761 Suo
1051 2723 1197 2761 tamen
1234 2736 1416 2761 ›atemere
1446 2724 1754 2773 fem—qit‘nrper

174 2862 182 2877 ¹
208 2858 376 2893 Sassari:
402 2870 498 2902 quae
523 2861 611 2893 urbs
635 2862 762 2903 aliquo
787 2863 893 2895 modo
918 2863 1100 2895 Turribus
1125 2865 1318 2896 successit.

175 2915 186 2931 ²
209 2912 301 2945 Vide
327 2913 421 2946 Lm.
452 2914 658 2953 (Jemdrim.
685 2915 745 2954 VI,
770 2916 843 2948 214.

173 2968 185 2984 ³
208 2966 362 3007 Autogr.
388 2968 426 2998 in
451 2968 529 3000 cod.
557 2968 645 3000 Ital.
672 2968 755 3002 117.
780 2969 815 3002 ff.
844 2970 992 3004 182-187.
1028 2971 1133 3011 prius
1150 2971 1298 3002 932-237.
1325 2970 1513 3002 Summam
1538 2971 1652 3003 huius
1676 2972 1752 3013 epi-

111 3020 231 3051 stulae
254 3020 356 3052 dedit
381 3020 563 3053 Polancus
601 3022 639 3053 in
679 3023 816 3055 litteris
855 3024 914 3056 die
938 3025 975 3055 21
1002 3024 1087 3056 Maii
1115 3025 1191 3056 1561
1217 3024 1262 3056 ad
1287 3024 1500 3056 universam
1525 3024 1747 3058 Societatem

109 3072 175 3113 (Cf.
201 3073 368 3105 Polcmei
409 3075 565 3116 Compl„
593 3075 618 3114 l.
643 3076 810 3112 &Te-277).
836 3078 870 3109 et
910 3076 1119 3109 Sacc-binus
1144 3077 1365 3116 (Historiae
1402 3080 1486 3110 Soc.
1515 3079 1616 3112 Iesu.
1643 3089 1676 3120 p.
1703 3079 1748 3117 ΙΙ,
