2028 3531
458 281 540 318 625.
568 303 609 308 —
639 282 912 321 BELLOMONTE
940 284 1117 322 INEUNTE
1144 296 1252 322 ANNO
1283 286 1374 322 1562
1622 286 1690 322 763

103 411 228 439 amor
254 412 283 451 y
312 399 462 451 gracia
492 411 599 451 para
628 414 684 441 en
715 402 850 443 thodo
880 404 1071 455 cumplir
1100 416 1152 444 su
1192 405 1474 445 sanctissima
1507 406 1735 449 voluntad.

103 465 166 505 De
194 464 370 516 Vurgos
399 477 424 504 a
453 472 471 491 a
506 489 557 493 —
586 466 639 506 de
669 467 810 507 Enero
840 468 893 508 de
926 470 1026 508 1562
1055 472 1179 509 anos.

209 529 260 571 D.
292 529 343 570 V.
377 530 424 570 P.
458 530 607 571 sieruo
637 544 690 571 en
722 533 761 572 el
792 533 945 573 Sefior.

211 595 298 635 Por
325 594 567 635 comission
597 597 667 636 del
698 598 838 637 Padre
869 599 1040 639 Rector.

1399 664 1581 713 Dom‘ms
1611 674 1640 724 *f
1670 675 1681 697 ¹

866 907 978 957 625

470 1047 525 1097 Ρ.
585 1047 951 1100 ΙΟΑΝΝΕὸ
1007 1051 1370 1114 QUADRA

529 1197 795 1223 BELLOMONTE
827 1199 1000 1225 INEUNTE
1033 1200 1139 1225 ANNo
1168 1190 1259 1226 1562
1285 1190 1310 1227 ².

102 1306 220 1346 Socii
249 1307 308 1346 ad
335 1307 600 1358 religiosam
626 1309 941 1358 perfectionem
971 1311 1256 1350 contendunt.
1290 1333 1339 1337 —
1373 1312 1557 1351 Tirones
1586 1324 1737 1351 recens

205 1373 256 1411 in
286 1371 548 1412 Societatem
579 1374 784 1413 admissi.
826 1397 875 1401 —
907 1375 1051 1415 Solita
1090 1378 1348 1415 ministeria
1383 1377 1662 1416 adhibentur.
1696 1400 1736 1404 —

207 1438 483 1477 Litterariae
499 1440 855 1479 exercitationes.
881 1463 930 1468 —-
953 1442 1277 1481 Adiumentmn
1297 1445 1345 1482 in
1367 1444 1541 1493 negotio
1578 1444 1738 1493 tempo-

206 1504 300 1543 rali
320 1503 588 1554 benefactori
608 1518 656 1544 re
677 1506 955 1557 denegatum,
975 1508 1230 1557 precatione
1261 1521 1540 1548 concessum:
1570 1509 1736 1558 quanto

206 1569 253 1608 id
282 1569 468 1609 virtutis
496 1571 694 1621 exemplo
710 1575 723 1610 J
741 1593 791 1597 —
817 1572 1006 1619 Quidam
1032 1574 1234 1622 proximi
1254 1574 1403 1623 famae
1425 1586 1451 1612 a
1477 1586 1522 1612 se
1554 1574 1738 1624 labefac-

209 1634 327 1673 tatae
369 1636 578 1675 consnlit.
610 1658 660 1662 -—
691 1636 865 1675 Nobilis
895 1639 966 1675 vir
1001 1638 1058 1676 acl
1088 1638 1247 1676 bonam
1290 1639 1468 1688 frugem
1510 1639 1640 1677 redit.
1687 1660 1737 1665 ——

206 1699 261 1738 P.
294 1700 444 1739 Nadal
474 1701 712 1751 collegium
741 1703 914 1741 invisit.
946 1725 996 1728 —
1027 1702 1145 1742 Socii
1174 1703 1276 1742 bene
1305 1704 1468 1743 valent.

180 1824 209 1874 †
240 1823 328 1864 [hs.
362 1823 617 1864 Admodum
647 1825 906 1865 Reuerende
949 1825 997 1866 in
1027 1826 1156 1866 Chro.
1191 1827 1334 1867 Pater.
1372 1827 1465 1866 Pax
1503 1826 1622 1868 Chri.
1655 1829 1735 1869 ete.

101 1887 237 1940 [Socii
267 1891 324 1929 ad
352 1891 614 1941 religiosam
642 1893 956 1942 perfectionem
983 1894 1194 1943 progredi
1224 1892 1527 1944 contendunt]
1557 1892 1621 1945 [E]
1644 1904 1737 1932 seo—

100 1953 271 1994 laribus
301 1955 468 1995 nostris
488 1957 577 1995 tres
607 1956 792 1996 admissi
814 1959 918 1996 sunt
949 1957 995 1996 in
1018 1959 1212 1996 nostram
1245 1956 1523 2006 Societatem,
1546 1970 1737 2009 quorum

100 2020 140 2059 et
190 2020 403 2071 probitas,
435 2022 477 2060 et
523 2033 626 2072 spes
673 2021 842 2072 optima
872 2022 1046 2062 futurae
1093 2022 1361 2062 eruditionis
1398 2034 1503 2074 prae
1551 2023 1737 2063 caeteris

100 2084 292 2124 maxime
321 2087 519 2136 spectata
550 2086 810 2135 uidebatur;
844 2099 962 2126 nunc
993 2099 1099 2126 uero
1129 2087 1384 2127 domesticis
1428 2087 1736 2127 functionibus

99 2153 277 2198 uacant,
309 2153 352 2191 et
380 2151 429 2191 in
471 2151 634 2204 officijS
662 2152 984 2193 humilioribus
1028 2153 1279 2192 incredibili
1310 2153 1447 2193 animi
1489 2153 1734 2201 alacritate,

98 2228 149 2256 ac
177 2216 416 2256 deuotione
445 2219 707 2258 exercentur
736 2219 764 2259 3.
798 2217 1039 2270 [Con-sueta
1069 2221 1328 2258 ministeria
1367 2232 1475 2270 crya
1498 2222 1736 2270 proximos

98 2280 253 2333 finnt]
276 2281 540 2322 Scholastici
570 2285 772 2323 nostrum
803 2283 1073 2335 gimnasium
1098 2283 1429 2334 frequentantes
1460 2283 1735 2323 accesionem

161 2449 180 2468 a
199 2441 387 2483 Spatium
408 2451 584 2475 vacuum
606 2442 653 2475 in
676 2452 747 2476 ms.

163 2598 174 2616 ¹
197 2597 290 2631 Vide
313 2607 348 2640 p.
375 2598 446 2631 107.

160 2653 173 2671 2
195 2651 248 2684 Ex
271 2652 447 2694 originali
471 2653 511 2685 in
534 2653 613 2685 cod.
639 2652 753 2694 Hisp.
778 2653 840 2692 99,
865 2653 889 2686 f.
913 2654 992 2688 498:
1019 2653 1123 2694 prius
1146 2653 1218 2685 0298.
1237 2652 1301 2684 Est
1325 2652 1427 2684 aliud
1451 2653 1661 2695 exemplum
1685 2654 1735 2686 la-

99 2705 221 2737 tinum
244 2705 284 2738 in
306 2705 331 2738 f.
355 2706 428 2738 458.
454 2706 496 2738 In
519 2708 679 2748 utroque
702 2707 806 2739 deest
829 2707 900 2739 diei
928 2708 963 2739 et
986 2707 1126 2738 mensis
1154 2706 1315 2738 notatio:
1345 2706 1408 2738 sed
1443 2715 1526 2738 cum
1560 2706 1736 2748 loquatur

98 2758 143 2791 de
166 2758 203 2791 P.
228 2758 373 2791 Natalis
396 2759 617 2792 visitatione
641 2761 753 2802 (quae
777 2761 936 2793 exeunte
955 2769 1080 2792 mense
1096 2759 1293 2791 Novembri
1313 2760 1386 2791 1561
1409 2759 1540 2792 habita
1563 2761 1635 2801 est)
1654 2761 1734 2793 tan-

98 2821 210 2853 quam
227 2812 272 2845 de
288 2822 326 2845 re
349 2813 516 2854 proxime
542 2814 756 2855 praeterita,
775 2814 965 2855 colligitur
987 2813 1132 2845 litteras
1156 2812 1225 2844 has
1249 2813 1402 2845 ineunte
1418 2822 1516 2845 anno
1530 2813 1611 2846 1562
1626 2813 1734 2846 datas

99 2874 194 2898 esse.
219 2865 270 2899 Cf.
295 2867 410 2899 etiam
433 2877 466 2908 p.
492 2867 564 2907 318,
590 2869 717 2900 annot.
742 2868 773 2899 2.

161 2920 174 2938 ³
196 2918 238 2951 In
261 2919 431 2961 catalogo
455 2920 614 2962 collegii,
640 2920 705 2962 qui
730 2920 851 2952 medio
875 2929 973 2952 anno
998 2920 1079 2952 1562
1102 2919 1264 2960 scriptus
1298 2918 1459 2959 videtur,
1485 2919 1539 2959 (in
1563 2919 1642 2952 cod.
1673 2919 1735 2952 Το-

99 2971 161 3004 let.
185 2972 266 3012 12:21,
291 2972 315 3005 f.
341 2973 418 3013 164;
444 2973 549 3015 prius
574 2974 649 3015 171)
673 2974 915 3006 recensentur
931 2973 1089 3005 Ioannes
1105 2973 1149 3005 de
1165 2972 1310 3013 (isiniga
1326 2981 1370 3004 ex
1388 2972 1523 3013 oppido
1540 2972 1732 3014 Escalona,

99 3025 257 3058 Ioannes
280 3026 325 3059 de
348 3026 496 3060 Cuenca
518 3036 563 3060 ex
587 3027 722 3069 oppido
738 3027 942 3067 Belmonte,
967 3028 1003 3059 et
1027 3027 1156 3059 Petrus
1173 3025 1342 3067 vazquez
1365 3034 1411 3058 ex
1434 3025 1560 3058 eodem
1584 3026 1732 3068 oppido,

99 3079 267 3121 quinque
289 3080 475 3113 mensium
498 3081 652 3113 tirones.
