2028 3531
350 263 420 299 530
822 264 1024 303 er‘rssnAE
1058 265 1402 310 QUAnfflMEsrnms

303 382 392 422 duo
423 385 617 423 recenter
658 384 895 424 admodum
940 385 1199 424 Societatem
1244 384 1431 432 ingressi
1478 384 1602 424 missi
1647 385 1826 425 fuerunt
1867 386 1920 425 ad

304 449 520 498 parentes,
558 450 605 487 vt
638 449 689 488 de
721 450 851 489 rebus
893 450 1080 500 quisque
1123 448 1389 499 quibusdam
1421 448 1516 488 suis
1544 460 1641 488 cum
1674 449 1730 501 ijs
1776 452 1922 501 ageret

304 513 412 563 (erat
440 513 556 552 enini
588 514 698 552 alter
726 516 767 552 et
787 514 1042 559 canonicus,
1074 516 1112 552 et
1147 515 1294 563 pastor
1315 513 1505 552 diuersis
1533 515 1681 553 tamen
1712 514 1757 553 in
1779 514 1919 565 locis),

302 589 413 628 quos
438 590 536 617 cuin
559 578 772 617 adhibitis
793 579 1001 617 omnibus
1030 578 1159 617 etiam
1187 577 1404 616 machinis
1435 578 1620 617 retinere
1640 581 1919 625 conarentur,

301 642 467 682 efficere
497 645 642 682 tamen
673 643 716 683 id
748 656 835 682 non
868 646 1058 694 potuere,
1083 655 1183 682 cuin
1213 654 1258 681 se
1290 642 1472 692 quiduis
1495 643 1642 693 potius
1663 644 1773 683 ferre
1793 655 1922 694 posse

302 707 511 756 dicerent,
544 719 676 758 quam
709 708 884 747 illorum
916 711 992 747 aut
1025 720 1179 755 mores,
1212 709 1288 746 aut
1318 707 1433 746 vitae
1477 707 1729 747 institutum
1763 716 1796 755 ²¹,
1827 708 1922 759 qui-

301 772 485 811 buscum
516 775 645 812 antea
675 774 941 812 suauissime
974 773 1172 811 vix'erant
1203 772 1430 823 [deserere]
1454 771 1486 815 Ι),
1521 784 1598 812 nec
1626 772 1736 812 citra
1756 772 1921 812 indele-

301 837 388 877 bile
416 837 753 888 ingratitudinis
781 838 1022 877 cauterium
1053 838 1117 876 eis
1146 837 1289 884 licere,
1324 836 1457 876 missa
1486 837 1621 877 semel
1651 838 1705 876 ad
1726 839 1921 877 aratrum

299 902 571 942 dominicum
603 914 751 950 manu,
784 903 996 953 respicere
1028 904 1140 940 retro
1171 904 1195 941 ¹.
1230 901 1360 940 Venit
1388 902 1521 940 etiam
1568 901 1816 952 Poppardia
1860 902 1919 952 (id

300 968 366 1006 est
407 967 618 1017 oppidum
653 979 742 1006 non
772 967 968 1017 ignobile
1007 967 1051 1005 in
1082 967 1246 1005 tinibus
1288 966 1502 1006 dioecesis
1531 966 1832 1019 treuere[n]sis
1865 966 1922 1005 si-

300 1034 408 1078 tum,
441 1032 575 1071 tridui
598 1032 752 1071 itinere
774 1032 876 1071 hinc
906 1032 1093 1082 distans)
1115 1031 1319 1071 sacerdos
1348 1031 1529 1082 quidam
1566 1031 1695 1070 nobis
1715 1031 1920 1071 addictis-

299 1096 455 1145 simus,
487 1097 562 1148 qui
594 1097 655 1136 ibi
687 1109 775 1136 non
811 1099 1028 1147 pastorem
1074 1097 1217 1145 modo,
1254 1108 1400 1135 verum
1446 1096 1577 1135 etiam
1621 1098 1663 1136 et
1704 1097 1916 1136 decanum

299 1161 404 1212 agit.
439 1162 493 1210 Is,
518 1163 704 1212 peractis
733 1162 968 1212 exercitiJS,
992 1162 1149 1201 iterum
1180 1162 1233 1200 ad
1265 1173 1370 1200 suos
1392 1172 1596 1201 reuersus
1630 1163 1719 1210 est3
1743 1161 1919 1201 interim

299 1228 461 1273 tamen,
493 1227 598 1266 dum
628 1227 699 1266 hic
728 1227 831 1277 egit,
865 1239 917 1265 ne
947 1238 1049 1276 grex
1080 1239 1186 1266 suae
1216 1226 1316 1265 fidei
1346 1226 1624 1266 concreditus
1668 1226 1799 1266 solito
1842 1226 1920 1266 ali-

300 1291 448 1329 mento
477 1289 727 1329 defraudari
762 1292 920 1340 posset,
954 1302 1004 1328 ex
1037 1289 1199 1328 nostris
1228 1290 1407 1340 quidam
1440 1289 1486 1328 in
1515 1290 1612 1329 eius
1640 1289 1785 1329 locum
1829 1289 1920 1329 suf-

300 1354 438 1394 fectus
467 1357 547 1398 est,
579 1355 654 1406 qui
686 1354 803 1393 vices
832 1355 955 1393 illius
985 1355 1028 1393 in
1060 1354 1365 1401 concionibus,
1398 1354 1588 1405 alijsque
1618 1354 1749 1393 rebus
1779 1366 1920 1394 neces-

299 1419 430 1470 sarijS
473 1419 533 1458 ita
580 1419 706 1470 obth,
740 1421 785 1458 vt.
834 1432 970 1470 pauco
1019 1421 1210 1469 tempore
1241 1431 1331 1458 non
1379 1431 1543 1469 paucos
1590 1419 1645 1458 ad
1693 1419 1918 1458 meliorem

300 1484 471 1536 frugem
502 1484 721 1524 reuocarit
750 1485 779 1523 ².

377 1550 415 1589 3.
448 1549 629 1589 Summo
659 1551 802 1589 auten]
835 1549 983 1588 studio
1013 1549 1059 1587 in
1088 1549 1171 1587 hoc
1205 1549 1260 1587 ab
1290 1549 1498 1588 omnibus
1546 1549 1832 1598 incumbitur,
1864 1561 1918 1589 ne

298 1614 400 1665 quis
430 1614 475 1653 in
507 1614 756 1665 regularum
788 1616 865 1653 aut
893 1613 1262 1653 constitutionum
1294 1613 1480 1664 perfecta
1510 1613 1820 1653 obseruatione
1851 1614 1917 1654 vel

298 1679 437 1718 latum
468 1690 656 1730 vnguem
701 1679 1074 1729 transgrediatur,
1106 1678 1223 1728 quod
1253 1690 1341 1729 quo
1392 1678 1465 1717 tiat
1508 1678 1698 1725 facilius,
1743 1691 1918 1730 quoque

299 1744 513 1783 recentior
542 1744 719 1782 illarum
754 1743 965 1782 memoria
994 1743 1190 1782 onmium
1235 1743 1377 1782 oculis
1406 1743 1681 1792 obuersetur,
1726 1743 1918 1794 singulis

297 1808 512 1859 cuiusque
535 1808 698 1847 mensis
727 1807 924 1847 calendis
957 1819 1032 1847 eae
1061 1807 1236 1858 publice
1257 1808 1511 1855 recitantur,
1543 1819 1593 1847 ac
1613 1808 1770 1847 diebus
1792 1819 1917 1848 vene-

298 1873 359 1912 ris
392 1885 418 1912 a
465 1872 562 1913 R.d0
609 1873 704 1912 Pre.
757 1873 938 1912 Rectore
968 1873 982 1895 3
1030 1875 1230 1911 accurate
1277 1873 1567 1923 explicantur.
1617 1872 1731 1912 Hinc
1760 1873 1822 1920 fit,
1875 1875 1916 1913 vt

298 1938 495 1989 plerique
538 1938 762 1977 Rectorem
809 1937 968 1976 adeant
1012 1950 1089 1988 pro
1143 1937 1394 1976 remissiore
1437 1937 1613 1977 illarum
1667 1939 1710 1976 et
1751 1938 1917 1978 laxiore

297 2002 607 2042 obseruatione
638 2002 933 2052 poenitentias
967 2002 1052 2041 sibi
1084 2002 1259 2052 iniungi
1282 2002 1572 2053 postulantes,
1604 2014 1715 2053 quas
1743 2014 1916 2042 sumina

296 2079 397 2107 cum
426 2068 651 2107 alacritate
681 2069 971 2117 exequuntur.

373 2133 411 2172 4.
445 2132 606 2172 Nullus
626 2144 729 2171 vero
751 2144 840 2171 non
872 2134 1074 2171 mouetur
1095 2132 1224 2183 lapis,
1247 2144 1334 2183 quo
1356 2144 1406 2172 eo
1428 2132 1726 2182 perueniatur,
1752 2135 1796 2172 vt
1816 2144 1915 2172 nos-

296 2197 349 2237 tri
381 2209 535 2237 omnes
569 2197 867 2249 germanicum
905 2197 1067 2236 idioma
1104 2209 1261 2236 sonare
1292 2197 1521 2248 incipiant.
1547 2198 1597 2236 In
1622 2197 1740 2237 hunc
1770 2209 1912 2246 Vsum,

296 2264 338 2302 et
366 2265 413 2302 vt
459 2262 639 2302 assidua
678 2262 989 2301 exercitatione
1033 2262 1214 2301 solitum
1258 2263 1348 2311 fiat,
1389 2263 1507 2313 quod
1536 2265 1629 2302 erat
1666 2263 1912 2313 insolitum,

296 2339 468 2378 semper
509 2327 555 2366 in
601 2327 784 2377 prandio
814 2338 863 2366 ac
905 2338 1041 2366 coena
1069 2329 1199 2378 caput
1243 2328 1424 2378 aliquod
1467 2327 1535 2367 vel
1565 2340 1617 2367 ex
1664 2328 1911 2379 euangelio,

295 2392 492 2443 paulinis
512 2391 727 2442 epistolis,
751 2392 817 2430 vel
839 2392 1093 2442 apocalypsi
1126 2392 1406 2443 praelegitur,
1429 2393 1669 2432 constituto
1690 2392 1914 2432 sacerdote

295 2457 392 2497 eius
421 2457 600 2508 linguae
631 2457 784 2507 perito,
817 2456 908 2507 qui,
940 2456 977 2495 si
1008 2469 1095 2507 qua
1125 2457 1239 2496 inter
1268 2457 1502 2508 legendum
1527 2459 1727 2497 occurrat
1746 2457 1913 2497 adulte·

357 2613 375 2631 a
394 2604 478 2645 Seq.
504 2603 666 2644 aliquod
691 2603 791 2635 verb.
817 2603 902 2639 del„
928 2603 1030 2643 quod
1053 2604 1131 2644 qui
1154 2605 1299 2644 nequit.
1335 2623 1374 2626 —
1398 2604 1415 2631 b
1436 2604 1516 2636 Hoc
1539 2606 1608 2636 aec!
1631 2604 1762 2636 simile
1792 2613 1827 2637 v.
1852 2604 1913 2637 de—

294 2657 474 2690 siderare·
496 2657 666 2689 videtur.
1869 2659 1872 2663 '

358 2784 367 2801 ¹
693 2781 723 2813 2.

355 2838 367 2855 2
390 2781 692 2867 ggatzldsscl’eytzrusss
707 2833 804 2866 Fahe
839 2834 968 2875 (Phae')
993 2834 1176 2875 parochus
1203 2835 1497 2876 boppardiensis,
1534 2843 1598 2876 pro
1627 2844 1701 2877 quo
1734 2834 1910 2867 suffectus

293 2889 349 2919 est
372 2888 447 2920 illis
470 2888 601 2920 diebus
631 2887 668 2919 P.
694 2886 860 2919 Andreas
893 2887 1247 2929 Valkenlmrgensis.
1283 2888 1334 2920 Cf.
1370 2888 1533 2927 HANSEN,
1558 2887 1581 2920 l.
1606 2897 1636 2920 c.
1671 2888 1743 2920 401.
1778 2887 1909 2920 Petrus

294 2941 391 2973 Fahe
415 2940 633 2973 Societatem
657 2939 739 2972 Iesu
763 2940 956 2981 ingressus
979 2941 1035 2972 est
1058 2949 1155 2972 anno
1180 2941 1269 2974 1563.
1295 2941 1346 2973 Cf.
1372 2940 1495 2982 Epist.
1520 2940 1564 2973 P.
1589 2940 1736 2980 Nadal‚
1761 2940 1805 2981 II,
1829 2941 1907 2979 470;

294 2994 430 3080 111345.
452 3046 639 3079 Antonius
668 3044 799 3079 Vinck.
