2028 3531
478 279 561 314 485.
592 300 634 304 -
663 279 937 315 BELLOMONTE
963 276 1009 311 ⁹26
1036 278 1229 314 IANUARH
1260 279 1345 314 1:351
1620 281 1684 316 129

100 400 250 437 nostre
278 397 384 448 ogni
415 397 457 436 (11
492 397 568 448 piu
598 397 634 437 si
667 397 822 436 adorni
854 397 897 436 di
931 397 1076 436 huone
1096 400 1137 436 et
1158 399 1285 436 sante
1308 399 1450 439 uertu.
1476 398 1505 437 11
1527 399 1607 438 0110
1628 400 1727 447 tuuj

98 463 560 514 supplicheuolmente
590 465 631 502 et
664 462 956 502 humilmente
985 462 1304 503 dimaudiamo.
1328 463 1380 502 Di
1405 463 1519 503 Forli
1551 476 1575 503 a
1606 465 1657 503 23
1687 465 1729 503 di

97 527 300 567 Gennaio
331 528 448 567 1561.

204 592 256 633 D.
289 592 339 632 V.
375 593 424 632 R.
459 594 506 633 P.
539 604 669 633 seruo
699 592 1037 644 indegnissimo.

734 694 886 733 PAOLO
918 694 1173 740 Bumccm
1205 706 1263 734 DA
1293 694 1335 735 S.
1366 694 1563 734 GENESIO
1595 698 1622 734 1.

204 797 473 846 Inscriptio:
501 798 530 847 ἦ
560 796 612 836 Di
644 796 777 836 Forli.
812 797 894 836 Per
924 796 1052 836 Italia
1082 796 1191 836 citra
1226 798 1426 837 Romam.

859 1031 973 1080 485

434 1172 487 1222 Ρ.
541 1171 868 1222 PETRUS
923 1172 1401 1223 SEVILLANO

519 1299 810 1328 BELLOMONTE
839 1289 891 1327 26
921 1299 1125 1329 IANUARH
1157 1289 1255 1328 1561
1288 1291 1316 1328 2.

100 1419 138 1453 1.
173 1414 379 1454 Crebrior
407 1416 455 1453 in
487 1415 580 1454 dies
610 1415 853 1453 vmltituslo
886 1415 943 1454 ad
972 1416 1271 1455 sacramenta.
1323 1416 1427 1454 Tres
1466 1417 1737 1466 praesertim

206 1482 311 1526 «viri,
361 1479 636 1531 (iurisperiti
678 1481 778 1528 cluo,
826 1481 986 1519 tertius
1031 1481 1365 1532 ludimagister)
1409 1483 1583 1532 fervore
1620 1483 1735 1532 fidei,

203 1546 386 1596 pietatis
417 1546 623 1596 operibus
652 1547 909 1586 eminentes.
940 1547 1082 1585 Pace-s
1111 1548 1266 1586 initae.
1301 1546 1538 1586 Cowtiowes
1558 1548 1598 1586 et
1628 1549 1738 1587 cate-

162 1683 171 1699 1
195 1681 372 1722 Magister
394 1681 579 1713 secundae
603 1681 734 1713 0105515
758 1681 898 1713 dicitur
914 1682 953 1713 in
969 1682 1139 1723 catalogo
1156 1691 1269 1723 supra
1293 1682 1420 1715 citato.
1446 1682 1487 1714 In
1511 1683 1621 1715 catal.
1647 1683 1737 1715 anni

102 1736 182 1767 1560
204 1735 299 1776 (cod.
326 1735 421 1767 Rom
449 1735 543 1775 7812,
569 1744 605 1767 n.
631 1735 705 1775 224)
728 1736 772 1767 (10
795 1744 837 1767 eo
861 1735 1021 1768 dicitur:
1051 1749 1065 1763 «
1082 1735 1130 1767 ΜΟ
1153 1736 1263 1768 Paolo
1288 1736 1523 1778 Beuelacqua
1557 1737 1594 1769 di
1622 1737 1738 1769 Mace-

100 1790 192 1822 rata.
219 1788 245 1820 il
268 1789 378 1830 quale
403 1788 450 1820 ha
474 1788 633 1830 qualche
657 1789 912 1830 grammatica,
938 1798 1008 1829 pur
1031 1799 1105 1821 non
1140 1790 1171 1821 si
1206 1789 1387 1822 dimostra
1410 1790 1523 1822 molto
1557 1791 1738 1822 inclinato

100 1842 138 1874 ni
163 1852 185 1874 a
208 1842 451 1883 grammatica
475 1842 514 1874 ni
538 1842 814 1882 all’humanita⁷
839 1852 909 1883 pur
932 1842 1074 1875 hauera
1096 1843 1255 1884 qualche
1288 1844 1430 1875 talento
1464 1844 1503 1876 in
1535 1844 1737 1885 predicare.

100 1896 247 1936 Quanto
270 1896 334 1928 alli
358 1897 517 1928 0051111111
542 1895 561 1928 e
583 1896 720 1935 buono,
746 1906 816 1938 pur
839 1897 951 1929 molto
974 1897 1149 1938 semplice
1166 1911 1194 1929 ».

161 1949 434 1990 Subiungimus
458 1949 669 1982 scholarum
693 1950 873 1984 ordinem.
898 1951 1009 1991 prout
1043 1951 1081 1982 in
1109 1951 1279 1992 catalogo
1302 1951 1476 1992 superius
1500 1951 1616 1983 citato
1639 1952 1734 1993 (cod.

100 2003 207 2036 Rom.
236 2003 328 2039 781),
356 2013 391 2035 n.
416 2003 492 2044 221)
516 2003 696 2035 habetur:

165 2071 179 2084 «
197 2057 236 2089 ΙΝ
261 2066 375 2088 PRIMA
398 2065 541 2089 CLAssE.
567 2060 735 2089 Matutino
757 2062 910 2096 tempore
946 2058 1136 2090 Ciceronis
1159 2058 1204 2090 de
1228 2059 1420 2091 senectute
1436 2059 1586 2091 libellus
1602 2060 1637 2091 et
1656 2059 1737 2100 Epi-

101 2111 218 2143 stolae
241 2111 287 2143 ad
313 2111 354 2151 Q.
378 2110 530 2143 fratrem
554 2111 721 2143 eiusdem
744 2111 899 2143 alternis
923 2111 1056 2144 diebus
1079 2113 1304 2144 enarrantur
1443 2139 1449 2145 .
1539 2113 1637 2145 Hora
1663 2114 1727 2144 1621

100 2164 276 2197 Isocratis
300 2165 421 2197 oratio
444 2164 488 2196 de
511 2164 640 2205 Regno
663 2165 709 2196 ad
733 2165 917 2197 Nicoclem
941 2166 976 2197 et
1001 2166 1320 2206 Despauterianae
1344 2165 1616 2199 Grammaticae
1640 2167 1739 2208 leges

100 2218 338 2250 declarantur
457 2243 463 2249 .
595 2245 601 2251 .
747 2245 753 2251 .
886 2244 893 2251 .
1026 2244 1033 2251 .
1166 2245 1172 2252 .
1305 2246 1311 2252 .
1443 2245 1450 2252 .
1539 2220 1637 2252 Hora
1664 2222 1728 2252 188

101 2274 340 2304 Pomeridiano
363 2276 525 2311 tempore.
549 2272 622 2304 6.υὲ
646 2271 763 2313 Virgi.
788 2272 916 2304 Aenei.
942 2273 977 2305 et
1010 2272 1285 2305 Commentaria
1308 2272 1478 2306 Caesaris
1503 2274 1546 2305 de
1570 2274 1664 2306 110110
1688 2274 1736 2305 01-

101 2325 182 2361 11111,
208 2325 364 2358 alternis
390 2325 479 2357 item
502 2326 635 2358 diebus
659 2327 899 2367 exponuntur
1028 2352 1033 2358 .
1166 2353 1172 2359 .
1305 2353 1311 2359 .
1444 2354 1450 2359 .
1539 2327 1637 2359 Hora
1661 2328 1697 2359 21
1713 2336 1730 2354 a

101 2379 351 2412 Grammatica
376 2378 548 2411 Clenardi
573 2379 712 2412 Graeca
735 2380 944 2421 explicatur
1025 2407 1030 2412 .
1164 2407 1170 2413 .
1303 2408 1308 2413 .
1441 2407 1447 2413 .
1537 2381 1635 2413 Hora
1659 2382 1726 2412 22³

163 2433 202 2465 IN
226 2434 265 2465 *221
294 2442 437 2466 CLAssn.
464 2437 574 2466 Mane.
599 2434 786 2475 Epistolae
808 2434 997 2466 Ciceronis
1024 2434 1228 2467 familiares
1251 2436 1476 2467 enarrantur
1538 2435 1635 2467 Hora
1661 2436 1729 2467 lssa

104 2491 343 2520 Pomeridiano
366 2492 529 2526 tempore.
554 2487 729 2519 Bucolica
751 2488 901 2529 Virgilii
926 2489 1167 2529 exponuntur
1306 2515 1312 2521 .
1446 2515 1451 2521 .
1540 2489 1638 2521 Hora
1663 2489 1699 2520 21
1713 2497 1730 2515 a

103 2541 320 2573 Traduntur
342 2542 525 2583 quaedam
549 2541 817 2574 Grammatices
840 2543 1037 2583 praecepta
1166 2567 1172 2573 .
1305 2569 1310 2574 .
1444 2569 1449 2575 .
1540 2542 1639 2573 Hora
1661 2542 1730 2574 223

164 2595 203 2627 Is
226 2595 266 2627 321
295 2603 438 2627 CLASSE.
466 2598 575 2627 Mane.
600 2595 771 2627 Recitata
795 2595 966 2627 doctrina
988 2596 1139 2636 xpiana.
1165 2596 1341 2637 discipuli
1366 2596 1431 2627 diu
1463 2605 1543 2627 sese
1567 2597 1739 2627 exercent

102 2649 142 2680 in
165 2648 482 2681 declinationibus
506 2649 542 2680 et
565 2649 910 2689 coniugationibus.
941 2648 980 2681 Id
1010 2650 1140 2690 postea
1170 2650 1414 2691 consequitur
1440 2649 1641 2690 explicatio
1664 2658 1742 2680 001·-

103 2702 245 2734 minum
270 2702 436 2734 Catonis.
461 2721 500 2724 —
524 2705 550 2734 Α
573 2705 729 2741 prandio.
756 2702 1031 2743 Discipulorum
1056 2703 1391 2744 compositionibus
1414 2702 1582 2743 legendis
1607 2711 1741 2743 magna

103 2756 281 2797 temporis
306 2765 392 2797 pars
410 2756 651 2797 impenditur.
676 2755 819 2788 Vacant
837 2757 965 2797 postea
988 2756 1131 2797 reliquo
1155 2757 1319 2797 tempore
1340 2755 1664 2797 disputationibus
1687 2756 1742 2788 di—

104 2809 239 2851 scipuli
256 2823 286 2842 ».

165 2865 178 2882 2
200 2863 253 2895 Ex
276 2864 423 2905 autogr.
449 2863 488 2895 in
512 2863 591 2896 cod.
616 2862 731 2904 His-p.
756 2863 816 2899 98,
841 2862 877 2895 ff.
895 2864 1007 2902 68,69;
1032 2863 1137 2904 prius
1160 2864 1309 2899 292293.
1336 2863 1376 2895 111
1393 2863 1428 2895 ff.
1447 2863 1539 2899 7051
1558 2864 1613 2895 est
1631 2863 1740 2905 epist.

104 2916 389 2957 quadrimestris
413 2916 533 2948 latina
555 2916 768 2958 subscripta
791 2925 812 2947 a
836 2915 974 2948 Ioanne
998 2916 1146 2956 Quadra
1168 2917 1188 2948 6
1212 2916 1365 2948 Kalend.
1391 2915 1624 2955 Februarias,
1650 2917 1683 2948 et
1703 2916 1741 2948 in

103 2969 139 3001 ff.
164 2970 237 3009 381,
261 2970 324 3002 3892
346 2970 404 3002 est
427 2969 530 3002 aliud
554 2970 763 3011 exemplum
786 2970 839 3001 510
864 2970 1015 3002 datum:
1043 2982 1058 2998 «
1075 2970 1266 3002 Behnonte
1299 2970 1318 3001 6
1341 2969 1516 3001 calendas
1546 2969 1743 3002 Ianuarias

104 3031 203 3055 anno
227 3023 362 3055 salutis
385 3032 487 3055 nrae.
513 3023 841 3064 sesquimillesimo
864 3023 1096 3064 sexagesimo
1120 3024 1238 3064 primo
1254 3036 1284 3055 ».
1320 3022 1373 3055 Re
1406 3022 1632 3055 concordant
1659 3032 1742 3055 cum

104 3076 270 3118 exemplo
294 3076 466 3118 hispano.
491 3076 703 3108 Notandum
727 3077 783 3108 est
806 3078 996 3108 auctorem
1020 3077 1180 3109 scrihere
1204 3076 1416 3117 frequenter
1432 3076 1454 3117 j
1476 3085 1542 3118 pro
1564 3076 1592 3109 i.

177 3164 343 3193 LITTERAE
364 3164 642 3199 QUADRIMESTRES.
664 3182 696 3185 —
716 3165 797 3193 Tou.
819 3165 887 3193 VII.
1656 3168 1673 3193 9
