2028 3531
317 285 356 301 *l

315 297 338 319 o
350 296 361 318 ι-
788 286 988 322 tarr-rixam:
1023 290 1108 332 Qm
1119 298 1366 323 lnuMEsTths
1476 287 1488 306 ⁸

269 406 583 456 apprehendit;
617 406 772 457 reliqui
818 407 984 445 socium
1033 407 1298 446 uindicaturi
1349 406 1535 446 irruunt.
1574 406 1727 455 plagas
1766 406 1887 445 incu-

269 471 399 517 tiunt,
424 471 537 509 ictus
568 472 861 521 frequentant.
885 483 996 521 quos
1020 472 1161 510 bonus
1191 470 1483 509 scholasticus
1513 469 1677 509 inuicte
1708 470 1886 520 pertulit

267 548 318 575 ac
348 536 547 575 libenter.
580 535 688 575 Cum
733 536 856 574 festis
885 536 1041 574 diebus
1084 536 1136 574 au
1186 535 1317 574 uillas=
1363 534 1624 583 Melliynnae
1666 534 1886 584 proximas

267 601 461 640 docende
490 600 715 639 doctrinae
743 612 876 639 causa
908 602 1082 639 nostros
1111 600 1317 638 amandat
1354 599 1478 637 l'ater
1518 600 1656 637 rector
1686 610 1887 649 praecep-

268 668 399 711 tores,
432 666 617 704 letanter
658 677 683 704 a
727 665 904 704 rusticis
942 664 1235 714 excipiuntur.
1268 664 1488 703 Saltantes
1530 674 1628 702 cum
1663 663 1771 702 uiris
1802 665 1886 703 fae-

268 730 428 773 minae,
474 730 712 769 clioreasue
755 729 979 771 ducentes.
1027 741 1112 767 non
1160 730 1455 779 repugnanter
1496 727 1735 777 accipiunt,
1780 728 1817 767 si
1861 740 1886 767 a

267 795 430 845 gaudio
475 795 775 840 retraliantur;
811 806 938 844 porro
981 793 1237 844 timpanista
1281 793 1488 832 suauiore
1531 792 1662 830 etiam
1707 793 1886 832 modulo

266 871 365 899 cum
410 861 584 898 nostros
627 859 762 905 uidet,
794 858 996 897 auditum
1045 858 1197 908 pergit.
1230 868 1358 907 quem
1392 859 1452 900 (ut
1502 868 1578 906 par
1619 858 1699 903 est)
1735 858 1884 897 sonitu

266 924 485 975 agricolae
515 923 713 963 destituti
744 923 1092 973 subsequuntur.

345 990 384 1029 3.
418 989 575 1028 Nostra
603 1000 707 1038 erga
735 989 907 1027 exteros
949 987 1168 1026 exercitia.
1200 986 1417 1025 Continue
1456 987 1561 1025 sunt
1592 986 1638 1025 P.
1673 986 1753 1025 itis
1782 999 1884 1026 con-

265 1054 431 1101 ciones,
453 1065 565 1104 quas
594 1066 619 1092 a
648 1052 718 1091 die
748 1052 789 1092 S.
813 1051 1040 1091 Michaelis
1071 1063 1159 1090 uno
1189 1063 1364 1101 quoque
1395 1052 1505 1089 testo
1531 1050 1702 1094 habuit,
1728 1052 1884 1101 partim

266 1120 368 1157 ante
399 1118 623 1157 meridiem
656 1118 701 1157 in
730 1119 910 1157 externo
952 1116 1103 1167 aliquo
1147 1115 1324 1165 templo,
1359 1115 1515 1165 partim
1559 1115 1678 1154 domi
1710 1118 1885 1155 nostrae

267 1186 366 1234 post
394 1185 594 1223 cantatas
625 1182 900 1233 uespertinas
940 1182 1085 1220 horas.
1119 1180 1425 1219 Exortationes
1470 1180 1577 1219 istae
1620 1180 1886 1221 domesticae

264 1247 552 1287 emolumenti
584 1247 770 1286 multum
800 1246 990 1285 afferunt
1019 1244 1269 1295 oppidanis
1302 1244 1408 1283 Tam
1452 1244 1720 1291 domesticis,
1751 1257 1884 1296 quam

265 1312 459 1351 externis
489 1312 536 1350 P.
573 1310 667 1351 Rsis
697 1310 1001 1356 concionibus,
1034 1309 1254 1348 intersunt
1297 1308 1565 1348 scholastici.
1605 1309 1686 1349 His
1728 1310 1885 1350 diebus

267 1376 395 1416 multi
427 1376 511 1416 uiri
542 1388 641 1416 cum
672 1376 837 1415 nostris
866 1376 1042 1425 peccata
1070 1374 1348 1421 confitentur,
1381 1374 1544 1424 quippe
1582 1386 1694 1425 quos
1736 1387 1885 1415 sacrae

267 1441 354 1480 iam
380 1441 609 1480 contiones
638 1439 937 1480 animauerint
956 1448 987 1479 ²¹.
1020 1439 1146 1478 Festo
1167 1437 1365 1477 omnium
1387 1440 1655 1488 sanctorum,
1677 1440 1885 1489 quamuis

265 1506 447 1545 solitum
490 1506 677 1545 defuerit
720 1505 951 1546 iubileum.
997 1504 1168 1554 solique
1211 1503 1299 1542 duo
1342 1503 1566 1542 extiterint
1608 1505 1882 1556 confessarij.

266 1583 355 1610 non
385 1573 532 1610 tamen
561 1571 796 1610 defuerunt
823 1571 875 1609 80
904 1570 1067 1620 plures,
1099 1568 1175 1619 qui
1208 1568 1369 1608 Christi
1401 1580 1561 1619 corpus
1584 1571 1883 1610 venerabundi

265 1635 563 1686 susciperent,
595 1635 671 1686 qui
702 1646 914 1674 numerus
944 1645 998 1673 ne
1026 1636 1127 1672 tuae
1160 1633 1223 1677 P..
1256 1633 1406 1683 oppidi
1438 1633 1572 1673 huius
1607 1634 1885 1674 animaduer-

265 1700 328 1739 sis
358 1700 571 1747 moribuS,
593 1700 781 1750 exiguus
802 1699 820 1725 b
842 1699 1061 1739 uideatur.
1088 1699 1179 1737 Hoc
1209 1701 1353 1737 tamen
1384 1698 1550 1738 iubileo
1582 1699 1707 1750 potiti
1729 1712 1884 1740 sumus

266 1765 376 1804 festo
405 1765 707 1816 conceptionis
749 1765 799 1804 V.
834 1766 906 1812 VI.;
939 1766 1021 1805 hoc
1063 1767 1128 1805 est
1156 1764 1218 1802 ⁸2ss
1252 1764 1471 1803 aduentus
1505 1763 1750 1813 dominica;
1796 1778 1884 1816 quo

264 1829 335 1868 die
366 1830 412 1869 P.
446 1830 538 1869 R.0¹“
566 1830 612 1868 in
641 1829 805 1880 templo
834 1830 1025 1880 quodam
1056 1830 1170 1869 inter
1197 1830 1285 1869 alia
1316 1830 1456 1880 primo
1485 1831 1551 1868 est
1579 1829 1882 1876 concionatus,

266 1897 401 1946 utque
431 1906 676 1934 sermonem
708 1894 865 1934 faceret
896 1895 1196 1945 vespertinum
1228 1896 1273 1934 in
1302 1895 1450 1934 eodem
1484 1895 1648 1945 templo
1678 1894 1762 1934 fuit
1789 1906 1885 1934 ora-

266 1961 348 1999 tus.
371 1960 526 1999 Rector
545 1960 716 2008 annuit,
737 1960 1027 2011 refertamque
1049 1960 1206 1999 habuit
1228 1960 1396 2010 vesperi
1418 1960 1592 1999 turbam
1613 1959 1881 1999 auditorum.

265 2023 510 2064 Conciones
539 2025 760 2064 aduentus
790 2025 984 2075 reliquas
1014 2025 1061 2064 in
1091 2025 1253 2075 templo
1283 2025 1475 2064 maximo
1507 2025 1686 2076 peregit,
1709 2026 1751 2063 et
1780 2035 1884 2075 quo-

264 2089 366 2127 dam
396 2089 498 2128 alio.
533 2089 733 2136 Fructus,
766 2092 814 2128 ut
842 2090 930 2128 alia
960 2090 1130 2137 sileam,
1162 2101 1292 2140 quem
1323 2090 1367 2128 in
1398 2089 1689 2129 concionibus
1717 2088 1883 2139 experti

264 2165 434 2201 sumus,
468 2166 569 2205 pars
598 2166 754 2205 nempe
784 2155 867 2194 fuit
896 2155 1090 2205 prebitas
1120 2155 1256 2194 fuisse
1285 2155 1575 2194 eleemosinas
1600 2154 1805 2193 liberales
1834 2153 1884 2192 il-

264 2218 350 2257 lico
380 2220 429 2258 ut
458 2219 586 2259 Pater
614 2231 776 2270 egenos
804 2220 1019 2270 quosdam
1040 2222 1082 2259 et
1102 2219 1360 2269 infortuniis
1383 2231 1556 2270 pressos
1585 2218 1880 2258 comendauit.

343 2283 381 2324 4.
412 2284 680 2323 Duodecima
710 2285 780 2324 die
810 2284 1073 2324 Nouembris
1102 2287 1303 2324 sanctum
1333 2285 1479 2324 oleum
1510 2287 1661 2324 nostro
1691 2283 1883 2323 sacrario

265 2347 516 2395 intulimuS,
540 2349 692 2399 preuio
722 2349 895 2388 solenni
926 2361 1050 2388 sacro
1072 2358 1109 2396 ῦς
1142 2361 1254 2400 quae
1275 2361 1380 2389 sane
1402 2361 1469 2388 res
1493 2349 1683 2388 maximo
1713 2348 1883 2388 cunctis

266 2411 350 2451 fuit
377 2413 553 2461 solatio,
584 2426 683 2453 cum
715 2414 842 2453 valde
872 2414 914 2452 id
946 2414 1242 2454 necessarium
1286 2417 1461 2454 nostrae
1504 2414 1655 2454 domui
1689 2424 1883 2453 censere-

264 2488 376 2518 mus
408 2478 554 2517 Mense
583 2479 735 2518 eodem
765 2479 851 2518 huc
880 2479 1053 2529 appulit
1082 2491 1293 2519 romanus
1323 2479 1455 2519 frater
1484 2480 1559 2531 qui
1592 2480 1780 2518 [oannes
1801 2478 1883 2517 Do-

265 2542 456 2582 minicus
485 2543 726 2590 dicebatur,
754 2543 882 2582 cuius
912 2555 994 2582 nos
1024 2543 1272 2593 praesentia
1301 2544 1583 2592 exhilarauit,
1606 2543 1882 2583 obedientiae

263 2608 304 2646 et
334 2606 633 2657 simplicitatis
664 2607 896 2658 religiosae
934 2608 1183 2658 exemplum
1213 2608 1259 2647 in
1290 2608 1467 2648 virtutis
1509 2608 1682 2648 edificio
1724 2607 1882 2647 confir-

263 2671 403 2710 mauit
433 2674 460 2710 1.
494 2671 651 2711 Eodem
686 2683 834 2711 mense
864 2672 1129 2711 franciscani
1160 2673 1312 2711 Patres
1348 2673 1600 2724 Hyspaniae
1634 2673 1771 2713 totius
1813 2683 1883 2723 ge·

325 2820 342 2838 a
363 2812 523 2844 Emend.
549 2821 595 2844 es
618 2813 936 2845 animaduertunt.
962 2832 1000 2836 —
1025 2814 1042 2839 b
1063 2814 1210 2855 exiguis
1234 2815 1275 2845 sin
1307 2824 1389 2848 ms..
1415 2825 1541 2856 supra
1570 2825 1726 2848 cers-um
1752 2818 1879 2848 tamen

263 2867 319 2897 est
342 2865 497 2906 syllaba
519 2875 575 2898 us,
602 2884 640 2887 —
664 2876 679 2893 c
699 2875 733 2897 v.
756 2875 861 2898 sacro
883 2876 1009 2907 supra
1032 2876 1133 2899 svers.

326 2992 335 3009 ¹
360 2990 452 3023 Vide
474 2991 513 3023 S.
539 2990 683 3023 Franc.
703 2991 865 3032 Borma,
885 2991 946 3031 III,
963 2992 1035 3024 645.
1060 2992 1187 3024 Frater
1210 2993 1423 3025 Dominicus
1447 3004 1491 3026 ex
1514 2994 1801 3036 compostellana
1825 3003 1884 3035 pe·

263 3044 515 3084 regrinatione
539 3045 576 3076 in
601 3045 747 3077 Italiam
771 3045 1034 3077 revertebatur.
1060 3045 1152 3077 Vide
1179 3046 1334 3078 inferius
1357 3056 1412 3088 ep.
1437 3048 1508 3079 477.
