2028 3531
546 278 626 313 570.
655 298 696 302 —
724 277 967 313 VINDOBONA
997 275 1013 310 1.
1044 275 1300 311 SEPTEMBms
1328 276 1416 311 1:301
1682 276 1750 311 493

267 399 465 449 futuras.
500 420 548 424 —
577 402 725 436 1244.
752 397 987 436 Contiones
1009 396 1188 445 aliaque
1209 408 1315 445 erga
1333 397 1567 445 proximos
1594 396 1794 433 ministe-

268 465 355 502 ria.
388 486 439 488 —
467 466 621 501 15-20.
650 463 848 501 Fructus
877 474 930 500 ex
959 461 1350 499 sacramentorum
1381 460 1793 498 administratione.

268 551 319 555 —
349 532 500 567 21-23.
530 528 778 567 Institutae
820 527 1078 576 rogycctiones
1121 527 1161 564 et
1205 526 1464 564 decantatae
1505 525 1692 563 litaniae
1731 526 1798 562 in-

268 595 437 633 stinctu
467 594 598 632 Hosii
640 592 915 639 Cardinalis,
948 593 1025 640 qui
1054 603 1099 629 se
1129 591 1300 629 nostris
1330 590 1795 628 benevolentissimum

269 659 451 698 exhibet.
475 681 525 685 —
556 662 631 697 24.
666 657 877 709 Corporis
907 657 1223 706 afflictationes
1255 656 1312 695 ad
1340 656 1562 694 Ecclesiae
1593 655 1706 693 bona
1732 654 1799 692 ol)—

270 724 469 763 tinenda.
494 746 543 751 —-
575 727 731 762 25-27.
761 722 965 762 Discidia
995 723 1254 771 composita.
1279 743 1329 747 ——
1351 724 1508 760 28-30.
1543 720 1799 759 Carceratis

270 790 310 828 et
340 790 535 839 aegrotis
566 789 796 828 auscilium
825 788 985 838 fertur.
1019 809 1069 813 —
1100 790 1167 825 31.
1203 786 1404 826 Curatur
1433 786 1482 824 ut
1511 785 1800 836 gravioribus

270 856 407 894 malis
450 855 700 894 remedium
743 853 1022 893 adhibeatur.
1070 874 1119 878 —
1164 856 1238 891 32.
1287 851 1474 902 Colleyii
1521 850 1798 890 emistimatio

273 921 394 971 apud
437 920 639 959 diversos
675 919 868 970 populos
912 918 1082 957 crescit.
1115 941 1165 943 —
1197 921 1354 956 33-35.
1398 917 1509 956 Acta
1550 918 1599 955 in
1629 916 1799 967 synodo

270 987 578 1036 strigoniensi.
623 986 687 1024 De
730 985 913 1034 collegio
959 984 1160 1022 Neosolii
1203 983 1413 1033 erigendo
1463 982 1700 1021 tractatur.
1751 1003 1801 1008 -

272 1055 428 1090 36-37.
471 1052 630 1090 Patris
672 1052 859 1090 rectoris
894 1050 951 1088 ad
994 1050 1298 1100 episcopatum
1338 1049 1802 1099 transsylvaniensem

273 1117 493 1167 afflictum
531 1117 762 1167 profectio.
794 1139 846 1142 —
877 1119 951 1154 38.
995 1116 1058 1154 De
1088 1115 1264 1165 colleyii
1300 1115 1607 1166 tyrnaviensis
1636 1113 1800 1152 initiis.

271 1206 323 1208 —
345 1186 419 1221 39.
454 1182 620 1222 Caesar
649 1183 888 1221 viennense
918 1181 1156 1231 collegium
1179 1182 1376 1231 pecunia
1405 1181 1548 1219 iuvat.
1572 1202 1622 1205 —
1641 1183 1718 1217 40.
1741 1179 1803 1217 De

273 1249 578 1300 tyrnaviensis
608 1247 784 1298 collegii
812 1246 998 1297 fabrica.
1031 1269 1083 1272 —
1113 1249 1268 1284 41-43.
1299 1245 1405 1284 Alia
1439 1245 1648 1284 Caesaris
1679 1244 1803 1283 bene-

271 1315 386 1364 ficia.
425 1336 466 1340 —
497 1318 574 1353 44.
609 1310 799 1352 Civitas
820 1313 1080 1352 viennensis
1112 1312 1256 1351 locuni
1285 1311 1412 1350 horto
1442 1312 1482 1350 et
1512 1309 1804 1350 rusticationi

273 1380 606 1419 accommodum
635 1379 807 1418 nostris
837 1378 1046 1417 concedit.
1084 1400 1136 1403 ῌ
1168 1381 1245 1416 45.
1276 1377 1433 1427 Aliqui
1462 1378 1572 1415 socii
1602 1376 1704 1415 vota
1733 1387 1805 1414 vo-

272 1446 387 1484 vent.
419 1468 470 1472 —
498 1449 576 1484 46.
605 1445 659 1484 P.
698 1443 1007 1483 Provincialis
1045 1443 1245 1493 exemplo
1289 1442 1328 1481 et
1370 1441 1703 1481 hortationibus
1747 1441 1805 1479 ad

268 1511 584 1561 perfectionem
613 1510 790 1549 excitat.
809 1512 954 1548 —4·7.
980 1508 1062 1547 Cui
1082 1508 1330 1558 imperator
1366 1508 1644 1547 litterarium
1674 1518 1805 1556 nego-

273 1577 388 1616 tium
418 1576 711 1615 commendat.
734 1579 882 1614 —48.
913 1574 1130 1614 Sacerdos
1161 1574 1450 1624 anabaptista
1480 1573 1537 1612 ad
1557 1573 1805 1612 Ecclesiam

271 1642 402 1681 redit.
434 1664 485 1668 —
513 1645 590 1681 49.
619 1641 879 1692 Religiosus
918 1652 1134 1679 moravus
1169 1640 1395 1679 contendit
1437 1641 1487 1678 ut
1531 1639 1680 1678 nostri
1708 1639 1805 1677 eius

271 1709 442 1758 scripta
473 1708 643 1747 liment.
675 1729 727 1733 ——
756 1711 831 1746 50.
860 1706 1204 1745 Ecclesiasticus
1247 1706 1319 1744 vir
1349 1705 1401 1744 ab
1431 1706 1578 1744 animi
1608 1704 1807 1744 anxieta-

273 1773 407 1813 tibus*
431 1773 665 1812 liberatur.
697 1795 749 1798 —
778 1776 930 1811 51-56.
965 1771 1271 1821 Confessionis
1312 1771 1651 1810 sacramentum
1681 1782 1707 1808 a
1737 1781 1806 1808 sa-

273 1839 523 1879 cerdotibus
566 1838 911 1889 frequentatum
940 1838 979 1877 et
1009 1838 1128 1876 vires
1158 1849 1269 1876 suas
1298 1836 1531 1875 mirabiles
1561 1838 1610 1875 in
1639 1836 1737 1874 illis
1767 1835 1807 1873 et

273 1906 322 1944 in
353 1905 460 1944 aliis
489 1905 669 1943 exserit.

248 2053 284 2093 1.
314 2053 343 2103 -ξ-
373 2052 463 2092 Ihs.
497 2052 589 2091 Pax
633 2050 750 2091 Chri.
781 2053 862 2091 etc.
893 2050 1114 2098 Referam,
1160 2049 1268 2090 Rde.
1306 2049 1546 2089 admodum
1592 2048 1639 2088 in
1673 2047 1804 2088 Chro.

167 2118 313 2165 Pater,
346 2118 446 2157 vnis
476 2117 548 2157 his
578 2117 754 2164 litteris,
790 2116 1026 2168 praecipua
1055 2115 1275 2167 quaedam
1305 2127 1475 2162 eorum,
1503 2126 1617 2166 quae
1648 2114 1693 2153 in
1724 2114 1807 2153 hoc

167 2195 373 2223 caesareo
403 2183 615 2223 minimae
645 2184 824 2222 nostrae
853 2181 1089 2222 Societatis
1115 2180 1350 2221 viennensi
1380 2180 1569 2231 collegio
1590 2179 1809 2219 Dominus

166 2248 289 2289 [hus.
314 2260 390 2300 per
411 2248 595 2288 inutiles
624 2259 779 2288 seruos
808 2259 930 2295 suos,
954 2247 1154 2298 proxime
1183 2248 1336 2286 exacto
1367 2244 1683 2296 quadrimestri
1710 2256 1808 2295 per-

168 2314 296 2354 ficere
325 2313 537 2366 dignatus
567 2315 647 2354 est.

247 2379 286 2419 2.
320 2378 496 2430 Septem
526 2381 568 2419 et
596 2378 911 2430 quadraginta,
943 2377 1019 2429 qui
1051 2377 1124 2417 hie
1153 2378 1274 2423 sunt,
1307 2375 1501 2416 instituti
1547 2374 1687 2414 nostri
1723 2385 1811 2413 me·

168 2456 314 2484 mores
356 2444 412 2484 ad
456 2444 771 2484 Pentheeostes
816 2443 977 2483 festum
1024 2444 1126 2482 vota
1164 2453 1246 2482 sua
1285 2440 1523 2492 imprimis,
1565 2451 1644 2491 pro
1689 2450 1809 2478 more

168 2522 402 2561 nunquam
431 2509 542 2549 satis
585 2509 768 2549 laudato
798 2508 1047 2555 Societatis‚
1080 2507 1290 2555 maximo,
1323 2518 1415 2546 non
1444 2505 1616 2551 dubito,
1648 2504 1809 2544 affectu

169 2577 458 2616 renouarunt.
492 2574 619 2615 Circa
648 2574 766 2614 idem
796 2576 972 2625 tempus
1002 2585 1093 2613 non
1123 2570 1220 2612 sine
1250 2572 1413 2619 fructu,
1445 2571 1565 2623 quod
1603 2582 1656 2610 ex
1685 2570 1811 2610 effee-

170 2641 291 2681 tibus
334 2641 434 2681 licet
478 2640 700 2692 colligere,
732 2639 977 2679 domestica
1005 2638 1144 2678 offitia
1174 2638 1355 2678 fuerunt
1394 2637 1658 2683 distributa;
1691 2637 1739 2675 ut
1768 2637 1811 2675 et

172 2706 369 2745 veterani
412 2705 577 2745 milites
620 2705 772 2745 labore
814 2705 1164 2751 leuarentun‘et
1202 2703 1470 2743 recentiores
1513 2702 1596 2741 hac
1638 2700 1810 2740 ratione

170 2770 535 2818 instituerentur;
568 2770 728 2810 deinde
774 2782 877 2810 vero
923 2771 1045 2809 tanta
1089 2769 1251 2820 pietate
1289 2766 1576 2819 abnegationi
1608 2765 1811 2817 propriae

173 2836 420 2876 voluntatis
449 2836 647 2884 student,
679 2835 881 2887 tantique
911 2837 1017 2874 sunt
1046 2834 1094 2874 in
1123 2833 1402 2874 refrenandis
1445 2831 1638 2884 proprijS
1671 2830 1811 2871 animi

171 2901 545 2953 aegritudinibus,
578 2902 628 2941 ut
659 2901 914 2952 frequenter
957 2899 1145 2951 gradum
1190 2899 1361 2945 sistere,
1403 2898 1669 2949 frequenter,
1715 2898 1761 2935 vt
1793 2903 1812 2922 a

234 3087 253 3106 a
272 3079 313 3111 vt
335 3088 461 3120 supra
486 3087 588 3110 vers.
