2028 3531
317 284 385 317 496
788 280 991 317 ΙΛΤΤΕΗΛΕ
1026 280 1370 324 (ρυΑιηῑιικικὸΤιῑεε

271 411 355 450 que
389 400 566 441 ornato:
608 398 763 438 tertius
804 397 1072 439 viennensis,
1119 407 1207 434 non
1251 393 1415 432 indocti
1461 392 1570 444 [sic].
1619 391 1699 431 Hic
1741 393 1887 431 autem

272 465 470 509 matrem,
502 463 733 502 honestam
756 464 999 502 matronam
1023 461 1322 502 viennensem,
1355 457 1507 496 multis
1536 459 1667 507 atque
1696 454 1889 495 assiduis

273 527 470 579 pretibus
510 527 603 579 [sic]
644 527 858 570 exorauit,
896 529 943 566 ut
977 538 1000 564 a
1033 526 1210 576 parente
1254 521 1488 572 imprimis,
1533 520 1691 560 deinde
1735 531 1835 559 vero
1865 531 1890 558 a

272 592 402 631 nobis
432 594 588 643 rogatu
618 604 699 632 suo
730 592 997 643 impetraret,
1030 602 1083 629 ne
1113 590 1281 627 tantum
1319 586 1415 626 eius
1452 587 1631 635 tamque
1660 583 1890 624 assiduum

272 656 495 696 seruiendi
526 657 616 696 Deo
646 656 761 708 Opti.
795 657 840 695 in
871 656 1085 696 Societate
1124 651 1407 698 desiderium,
1444 650 1516 690 uel
1545 662 1570 689 a
1600 651 1778 700 parente
1808 648 1889 687 im-

272 721 510 772 pediretur,
546 722 617 761 uel
647 734 672 761 a
706 722 888 761 Rectore
932 722 1096 765 noser,
1128 728 1257 769 quem
1290 716 1473 767 putabat
1501 726 1548 754 se
1577 714 1829 760 offendisse,
1867 725 1892 752 a

272 797 360 837 quo
390 786 606 837 alioquin,
638 788 687 826 ut
715 786 850 832 filius,
882 785 957 824 ille
991 784 1224 823 amabatur
1257 781 1303 820 in
1338 779 1545 826 Domino,
1581 778 1889 819 retardaretur.

273 849 477 891 Obtinuit
519 853 721 890 matrona
762 850 840 890 illa
883 850 970 900 pia,
1014 848 1133 900 quod
1176 858 1257 886 suo
1300 844 1458 896 ipsius,
1490 856 1540 883 ac
1573 843 1652 894 filij
1697 841 1891 889 nomine,

272 915 518 955 christiano
546 915 706 955 affectu
736 914 922 966 petebat.
967 913 1236 953 Adolescens
1279 921 1382 949 vero
1425 908 1603 949 Gabriel
1646 907 1805 954 dictus,
1846 908 1894 946 ut

273 991 450 1027 nomen,
473 980 534 1019 ita
554 991 731 1031 quoque
751 979 889 1019 animi
916 978 1149 1030 puritatem
1180 974 1458 1026 speciemque
1486 972 1633 1024 angeli
1662 971 1894 1012 cuiusdam

274 1044 353 1084 Dei
384 1045 647 1085 immortalis
676 1056 727 1084 ac
756 1044 872 1096 Opti.
905 1044 1017 1083 Max.
1051 1042 1179 1081 refert
1211 1043 1238 1080 ¹.

353 1110 391 1149 5.
425 1109 619 1150 Fuerunt
640 1109 806 1149 interea
827 1107 1037 1159 temporis
1058 1107 1207 1158 plures
1226 1102 1415 1156 quinon
1444 1102 1652 1142 dissimili
1682 1100 1896 1152 religione

274 1173 523 1225 affectuque
544 1175 744 1226 permoti,
767 1173 1011 1213 maioribus
1032 1170 1197 1211 nostris
1226 1181 1353 1209 suam
1383 1169 1498 1208 hanc
1528 1167 1723 1218 ipsorum
1756 1165 1895 1205 animi

274 1239 538 1279 sententiam
568 1240 717 1279 notam
748 1251 843 1279 esse
877 1238 1126 1284 voluerunt,
1167 1247 1231 1282 ac,
1272 1233 1487 1274 adhibitis
1524 1233 1657 1272 etiam
1691 1231 1897 1270 interces-

274 1304 466 1352 soribus,
498 1316 682 1344 numero
712 1306 963 1344 nostrorum
993 1301 1178 1342 asscribi
1217 1300 1334 1352 apud
1373 1311 1449 1338 eos
1484 1297 1682 1338 studiose
1715 1297 1896 1336 conten-

275 1368 448 1409 derunt.
481 1369 659 1418 Verum,
691 1368 842 1421 qu[od]
874 1368 957 1407 hoc
987 1369 1181 1417 tempore
1219 1366 1360 1405 certas
1389 1364 1446 1403 ob
1476 1358 1634 1403 causas
1668 1373 1759 1418 non
1793 1362 1898 1400 sunt

275 1434 482 1482 assecuti,
514 1434 559 1474 id
588 1434 734 1485 ipsum
768 1432 1071 1478 commodiori
1118 1431 1207 1470 Deo
1251 1430 1442 1476 fauente,
1490 1423 1736 1478 maiorique
1777 1425 1897 1465 haud

276 1499 410 1539 dubie
438 1511 538 1539 cum
568 1499 713 1539 fructu
742 1510 792 1538 ac
820 1497 958 1537 animi
988 1496 1147 1536 solatio
1177 1495 1482 1545 assequentur.

355 1564 393 1605 6.
423 1563 521 1615 Egit
551 1566 775 1615 praeterea
803 1563 918 1602 circa
947 1562 1030 1601 hoc
1060 1563 1233 1611 tempus
1275 1559 1391 1598 idem
1431 1557 1562 1603 serio,
1599 1567 1698 1596 cum
1733 1543 1898 1595 rectore

277 1630 429 1668 nostro
457 1630 606 1680 (quem
635 1639 809 1668 summo
847 1627 1038 1678 quodam
1076 1625 1235 1665 affectu
1266 1624 1312 1663 in
1343 1621 1620 1673 Hungariam
1663 1621 1898 1660 abeuntem

277 1696 343 1734 est
391 1696 663 1745 prosecutus,
699 1705 749 1733 ac
787 1693 1040 1746 redeuntem
1085 1690 1330 1741 amplexus)
1360 1690 1375 1712 2
1409 1688 1474 1727 vir
1516 1686 1697 1739 quidam
1742 1685 1900 1736 prima—

278 1759 387 1806 rius,
419 1759 598 1798 natione
619 1759 863 1810 hyspanus,
885 1759 998 1796 elate
1018 1755 1128 1796 satis
1150 1757 1366 1801 maturus,
1398 1752 1614 1799 doctrina,
1648 1749 1897 1802 prudentia,

278 1825 411 1876 atque
439 1823 708 1863 authoritate
741 1823 797 1862 ad
836 1833 904 1861 res
944 1820 1139 1874 magnas„
1172 1818 1469 1870 expediendas
1511 1818 1657 1868 aptus,
1702 1813 1899 1867 germani

279 1887 506 1927 idiomatis
535 1887 717 1939 peritus,
749 1888 805 1934 et,
837 1885 955 1937 quod
999 1887 1100 1924 ante
1143 1884 1294 1923 omnia
1322 1884 1388 1922 est
1417 1880 1801 1922 commendatione
1838 1879 1900 1919 di-

279 1964 432 2004 gnum,
465 1952 631 2004 insigni
652 1954 766 1991 certe
788 1951 948 2002 pietate
970 1952 1101 2001 atque
1123 1948 1352 2000 religione,
1385 1947 1473 1997 iam
1503 1946 1558 1985 ab
1585 1939 1769 1984 'ineunte
1788 1945 1902 1995 etate

279 2017 493 2057 educatus
534 2017 863 2068 exercitusque,
917 2015 1031 2055 serio
1061 2015 1243 2065 inquam
1273 2013 1365 2064 agit
1395 2012 1448 2052 de
1477 2009 1794 2061 abrumpendis
1820 2008 1902 2048 hu·

280 2082 351 2122 ius
382 2082 535 2122 mundi
565 2093 755 2132 nequam
785 2080 922 2127 tricis,
954 2082 1085 2130 atque
1116 2075 1296 2129 pedicis,
1334 2077 1498 2128 quibus
1532 2071 1796 2126 grauissime
1824 2073 1903 2112 im-

280 2147 554 2197 pediebatur,
577 2159 664 2198 quo
686 2146 835 2185 minus
855 2147 995 2184 totum
1024 2155 1119 2183 sese
1148 2142 1297 2182 statim
1328 2140 1536 2182 Societati
1567 2140 1664 2179 Ihu.
1696 2138 1901 2184 traderet,

281 2211 465 2262 eiusque
493 2212 594 2251 fidei
623 2210 913 2250 committeret
942 2208 1296 2260 gubernandum.

361 2277 398 2316 7.
432 2276 492 2316 Eo
521 2278 667 2316 autem
698 2274 910 2326 proximis
940 2273 1060 2313 hisce
1090 2273 1248 2312 diebus
1279 2272 1362 2311 hac
1392 2271 1439 2310 in
1469 2282 1514 2310 re
1544 2271 1724 2308 ventum
1754 2269 1834 2314 est,
1857 2268 1902 2305 vt

282 2342 455 2392 quesita
475 2353 525 2381 ac
546 2341 730 2380 inuenta
757 2339 993 2379 xideantur
1023 2336 1164 2377 media
1194 2334 1654 2376 accommodatissima
1679 2341 1698 2360 ἃ
1704 2332 1904 2384 ,quibus

276 2410 324 2460 ,et
352 2407 530 2458 negotia
558 2406 636 2445 illa
665 2404 821 2456 grauia
849 2403 1085 2443 admodum
1131 2414 1243 2466 quae
1286 2401 1430 2441 virum
1475 2401 1616 2440 hunc
1632 2365 1755 2463 pium
1794 2408 1904 2461 quo-

282 2471 518 2512 dammodo
555 2470 813 2517 dilacerant,
855 2479 1027 2519 queque
1065 2466 1161 2507 eius
1196 2469 1301 2506 sunt
1344 2465 1534 2517 generis,
1567 2466 1626 2511 vt,
1658 2457 1768 2503 citra
1804 2458 1905 2501 con-

345 2645 364 2663 a
384 2636 465 2668 Del.
491 2644 533 2667 eo
556 2634 662 2666 modo
679 2633 738 2675 (52).

347 2792 356 2808 ¹
381 2789 422 2821 In
446 2787 554 2820 catal.
579 2786 659 2819 coll.
684 2784 901 2818 viennensis
923 2784 1061 2816 mensis
1085 2782 1252 2815 Octobris
1277 2782 1367 2821 1561,
1393 2782 1432 2817 in
1460 2780 1577 2829 catal.
1594 2755 1780 2824 ineuntis
1816 2777 1905 2810 anni

286 2843 365 2875 1562
388 2843 424 2874 et
447 2842 485 2873 in
509 2841 616 2873 catal.
641 2838 780 2871 mensis
803 2837 892 2870 maii
917 2837 995 2869 1563
1018 2836 1209 2868 invenitur
1231 2835 1378 2868 Gabriel
1402 2820 1593 2872 Hartman,
1610 2830 1682 2874 qui
1706 2840 1804 2868 anno
1823 2831 1907 2876 ,1565

285 2897 341 2928 est
364 2896 403 2928 in
426 2894 580 2935 collegio
613 2891 787 2934 pragensi
820 2890 921 2932 (Cod.
957 2889 986 2921 G
990 2898 1083 2921 erm
1110 2889 1191 2923 131
1214 2888 1345 2927 11241,
1371 2885 1767 2930 268.v·B072em,89
1791 2883 1903 2923 1212).

285 2949 443 2980 Exstant
465 2947 577 2979 etiam
600 2945 682 2978 eius
705 2952 882 2987 responsa
904 2942 950 2974 ad
974 2941 1283 2984 interrogationes
1306 2941 1427 2973 Patris
1450 2927 1578 2984 Nadal.
1598 2937 1667 2985 [ΙΙ
1673 2936 1771 2986 334].
1805 2970 1807 2973 ,

348 3004 360 3021 2
383 3002 420 3034 P.
444 2997 610 3033 Victoria
633 2999 673 3031 in
695 2992 927 3038 Hungariam
940 2989 995 3027 ad
1019 2995 1199 3036 synodum
1225 2995 1261 3035 ty
1265 2994 1498 3026 rnaviensem
1516 2984 1701 3034 profectus
1723 2991 1790 3022 est.
1815 2989 1907 3021 Vide

287 3055 455 3087 inferius.
