2028 3531
517 263 598 300 570.
624 284 671 289 —
695 263 939 300 VINDOBONA
968 263 983 298 1
1014 262 1271 299 SEPTEMBRIS
1299 262 1386 298 1561
1655 263 1720 299 501

137 385 340 423 nostrum
372 383 455 434 (est
496 382 615 422 enim
658 382 1011 432 ornatissimum)
1042 393 1090 421 se
1120 392 1250 432 posse
1292 381 1497 420 inuenire
1535 381 1769 430 solacium,

138 448 184 487 in
227 447 364 487 tantis
406 447 502 487 suis
546 448 691 497 malis,
736 448 957 487 affirmare
1000 458 1091 486 non
1134 447 1382 487 verebatur.
1428 446 1630 485 Paradisi
1674 446 1773 486 loco

135 513 350 564 templum
380 515 584 553 nostrum
614 513 763 560 habet,
786 523 971 563 seseque
1000 513 1056 551 ab
1086 511 1259 563 angelis
1290 511 1437 551 vocari
1468 511 1647 563 cogitat,
1671 523 1772 551 cum

136 577 265 629 signo
285 589 528 629 campanae
558 578 696 618 sacris
726 578 940 618 interesse
969 577 1248 616 admonetur.
1282 577 1445 616 Verum
1476 588 1530 616 ne
1560 576 1659 616 leue
1688 577 1773 616 hoc

136 642 354 690 videatur,
377 643 505 694 quasi
536 655 561 682 a
591 643 810 683 foemineo
840 655 949 682 sexu
975 642 1264 694 productum;
1289 644 1395 682 sunt
1414 641 1614 693 primarij
1638 642 1772 682 etiam

135 708 235 755 viri,
266 708 343 760 qui
377 720 523 748 coram
556 708 742 748 Caesare
785 710 953 755 nostro,
986 710 1035 747 ut
1078 708 1231 747 videor
1260 719 1286 747 a
1314 708 1508 759 quodam
1551 707 1772 758 singulari

135 775 287 813 nostro
335 775 522 825 patrono
570 774 815 820 audiuisse,
865 785 916 813 ac
962 773 1081 825 aliJ‘S.
1131 774 1354 812 affirmare
1409 785 1497 813 non
1545 773 1768 821 dubitant,

134 850 216 878 nos
259 839 342 878 1100
384 841 580 889 tempore
624 839 744 879 solos
786 839 916 890 quasi
951 850 974 878 e
1004 839 1180 878 liminio
1223 839 1311 878 huc
1353 838 1555 878 diuinum
1600 839 1771 878 cultum

135 915 381 944 reuocasse.
414 903 535 954 Quos
564 905 651 944 nisi
684 905 803 944 Deus
833 904 931 955 Opt.
965 904 1079 944 Max.
1113 904 1399 944 solicitudine
1429 906 1471 943 et
1501 904 1663 955 pietate
1707 904 1773 943 in-

133 968 237 1019 clyti
259 969 401 1008 nostri
432 970 701 1010 Ferdinandi
731 982 784 1010 ex
816 970 944 1009 Italia
974 970 1062 1010 huc
1091 970 1366 1019 adduxisset,
1391 972 1538 1010 actum
1569 978 1603 1018 a,
1626 970 1769 1017 aiunt,

133 1033 219 1073 iam
251 1035 303 1074 de
333 1035 579 1076 christiana
609 1037 784 1087 pietate,
816 1036 1029 1087 cultuque
1058 1036 1216 1075 diuino
1260 1036 1379 1087 apud
1414 1048 1496 1075 nos
1526 1036 1698 1083 fuisset,
1730 1037 1773 1075 et

133 1099 229 1139 loco
260 1100 424 1140 Christi
464 1113 554 1141 non
586 1101 673 1141 iam
704 1102 924 1149 haereseS,
957 1101 1033 1141 sed
1070 1101 1257 1153 impium
1288 1101 1573 1150 atheismum,
1606 1102 1771 1141 nedum

132 1165 459 1205 barbarismum
493 1167 658 1217 passim
689 1167 970 1207 haberemus.

213 1231 276 1270 17.
310 1231 412 1271 Fuit
442 1231 544 1271 item
577 1234 779 1272 matrona
809 1232 898 1271 alia
928 1232 1262 1281 honestissima,
1286 1244 1400 1283 quae
1429 1233 1582 1272 eadem
1610 1233 1771 1283 pietate

131 1297 173 1334 et
215 1296 376 1336 affectu
420 1299 632 1348 permota,
678 1297 855 1349 insigne
899 1297 1197 1337 holosericum
1245 1297 1528 1337 beatissimae
1570 1298 1771 1349 Virginis

131 1360 260 1400 altari
291 1362 570 1402 consecrauit
599 1363 925 1414 antipendium.
959 1362 1080 1413 Quae
1123 1363 1275 1402 omnia
1305 1375 1356 1402 eo
1386 1363 1636 1415 complures
1676 1375 1771 1414 per-

131 1429 327 1474 mouent,
361 1429 408 1467 ut
437 1428 595 1467 diebus
626 1428 714 1467 fere
744 1428 952 1480 singulis,
985 1428 1176 1480 quisque
1218 1441 1294 1480 pro
1329 1429 1500 1468 ratione
1544 1428 1770 1468 facultatis

130 1491 282 1543 pquue
326 1492 526 1541 affectus,
573 1494 760 1545 pulchro
803 1493 957 1544 aliquo
1001 1494 1271 1534 munusculo
1315 1495 1529 1545 templum
1565 1496 1769 1534 nostrum

130 1560 359 1598 exornent.

211 1624 273 1663 18.
307 1624 434 1664 Miles
477 1625 660 1676 quidam
705 1626 871 1665 turcica
916 1626 1152 1677 tyrannide
1196 1626 1427 1674 liberatus,
1459 1638 1560 1666 cum
1591 1627 1644 1666 de
1676 1638 1771 1677 pec-

129 1688 239 1728 catis
269 1690 566 1740 confiteretur,
600 1691 858 1742 uideretque
887 1693 1053 1730 tantam
1101 1704 1248 1732 rerum
1279 1692 1326 1731 in
1357 1692 1519 1731 melius
1562 1692 1770 1732 mutatio-

128 1765 245 1801 nem,
269 1754 330 1794 ita
360 1755 444 1795 fuit
465 1767 569 1806 prae
591 1756 731 1796 nimio
762 1757 926 1808 gaudio
948 1757 994 1796 in
1015 1757 1269 1809 lachrymas
1295 1757 1534 1805 resolutus,
1558 1760 1605 1796 vt
1624 1769 1769 1808 neque

127 1819 320 1871 propriis
349 1821 600 1867 conatibus,
633 1833 776 1873 neque
819 1822 1080 1874 confessarij
1113 1823 1312 1871 monitis,
1345 1823 1423 1863 diu
1459 1834 1554 1863 sese
1589 1823 1645 1862 ab
1676 1823 1769 1862 illis

127 1884 334 1924 cohibere
364 1886 571 1936 potuerit.

208 1951 271 1990 19.
304 1951 566 2003 Nuperrime
596 1965 773 2004 quoque
813 1953 977 1993 factum
1000 1954 1180 1995 audiui:
1213 1955 1327 1994 duos
1370 1955 1433 1994 ita
1476 1966 1585 2005 pure
1629 1954 1768 1994 fuisse

126 2015 303 2055 cuidam
334 2029 356 2056 e
386 2017 552 2057 nostris
595 2019 839 2067 confessos,
873 2021 1085 2071 tantaque
1129 2020 1360 2071 religione,
1394 2022 1443 2060 ut
1473 2020 1588 2060 facta
1617 2020 1766 2060 debita

127 2081 289 2121 erroris
319 2082 615 2132 abiuratione,
639 2084 695 2123 ab
725 2084 819 2132 illo,
842 2085 989 2136 hylari
1019 2085 1183 2135 animo,
1207 2086 1263 2126 ad
1284 2085 1385 2126 fidei
1406 2085 1679 2125 christianae
1700 2085 1766 2124 in—

126 2147 375 2188 dubitatam
406 2149 636 2189 veritatem
667 2150 894 2191 redierint.

204 2213 269 2252 020.
303 2213 742 2255 Communicantium
773 2228 876 2256 vero
912 2228 1141 2264 numerus,
1173 2229 1418 2268 eorumque
1461 2217 1647 2257 affectus
1677 2217 1766 2268 pie-

126 2278 230 2317 tatis
261 2279 401 2318 multo
431 2291 539 2319 sane
568 2281 762 2325 uberior,
794 2281 879 2321 hoc
914 2284 1110 2333 tempore
1145 2282 1338 2329 uidetur,
1370 2295 1503 2334 quam
1548 2283 1766 2322 anteabac

126 2355 336 2395 vnquam.
369 2344 445 2384 Est
477 2347 623 2385 tamen
652 2346 878 2397 flagellum
901 2348 1125 2398 quoddam
1148 2347 1328 2387 Domini
1352 2348 1432 2392 (sic
1453 2348 1572 2387 enim
1601 2348 1762 2399 sentio)

124 2409 241 2460 quod
273 2410 335 2449 ita
366 2410 524 2450 misere
554 2412 779 2462 germanis
809 2413 1117 2453 sacerdotibus
1147 2413 1220 2453 hic
1249 2414 1561 2461 destituamur,
1595 2416 1643 2453 ut
1673 2425 1764 2453 non

124 2487 224 2514 raro
254 2476 587 2526 poenitentibus
617 2477 728 2528 ipsis
758 2478 885 2518 fateri
917 2478 1050 2519 inuiti
1081 2491 1308 2531 cogamur,
1337 2492 1419 2519 nos
1462 2491 1550 2519 non
1600 2479 1764 2518 habere

124 2541 402 2581 sacerdotum
433 2553 748 2593 germanorum
778 2545 946 2584 tantam
978 2545 1152 2596 copiam
1196 2545 1274 2596 qui
1318 2545 1406 2597 piis
1449 2557 1599 2585 eorum
1646 2544 1763 2584 votis

123 2606 265 2646 facere
295 2607 469 2657 possint
512 2608 636 2647 satis.
669 2608 938 2650 Consolatur
980 2610 1160 2651 interim
1204 2611 1317 2651 illud
1361 2611 1537 2650 animos
1567 2613 1760 2658 nostros,

123 2671 242 2723 quod
271 2672 620 2713 solemnioribus
649 2674 840 2714 maxime
866 2675 1204 2723 festiuitatibus,
1228 2679 1380 2717 tantus
1401 2678 1585 2728 apparet
1614 2676 1763 2716 feruor

122 2737 354 2777 charitatis
384 2737 430 2777 in
461 2737 565 2788 illis,
595 2739 672 2790 qui
702 2740 758 2779 ad
789 2752 987 2780 mensam
1019 2742 1235 2782 accedunt
1265 2742 1552 2790 dominicam,
1575 2744 1621 2781 vt
1641 2742 1761 2793 quod

122 2801 217 2853 ipse
246 2802 440 2854 proprijs
469 2803 628 2851 oculis,
660 2816 750 2844 non
781 2805 878 2845 sine
908 2807 1073 2858 gaudio
1098 2808 1326 2859 conspexi,
1359 2819 1448 2847 non
1479 2807 1626 2847 desint
1655 2819 1708 2847 ex
1741 2806 1761 2833 b

122 2867 389 2915 astantibus,
421 2868 498 2920 qui
542 2870 720 2920 stupere
766 2872 1099 2922 propemodum,
1133 2884 1237 2923 prae
1280 2873 1576 2913 admiratione
1610 2874 1760 2913 tantae

122 2932 300 2983 pietatis
329 2933 580 2974 videantur.

182 3077 200 3096 a
220 3068 303 3102 Del.
328 3078 450 3111 agere.
475 3089 514 3093 —
538 3070 556 3097 b
577 3080 622 3103 ex
645 3080 774 3112 supra
796 3081 898 3106 vers.
