2028 3531
554 269 634 304 549.
665 290 708 294 —
734 267 876 303 EBORA
903 265 948 301 026
976 265 1161 301 AUGUSTI
1190 263 1278 299 1561
1621 262 1691 298 403

105 390 270 442 quibus
300 400 418 429 unus
446 400 469 428 e
500 387 665 427 nostris
708 385 977 426 assertiones
1006 383 1223 435 quasdam
1253 382 1477 427 tuebatur,
1523 381 1738 421 condisci-

107 455 224 508 pulis
253 456 296 494 et
324 453 582 494 doctoribus
610 452 787 492 easdem
818 448 1189 501 impugnantibus
1219 446 1329 499 [sic].
1365 447 1516 497 ltaque
1560 448 1742 485 secutus

105 519 375 560 medicorum
396 517 634 558 consilium
665 515 828 566 recepit
856 526 903 554 se
932 512 1290 565 olyssipponem,
1309 511 1386 551 ubi
1407 510 1549 561 coepit
1580 509 1742 549 melius

104 585 289 631 habere3
322 583 427 622 hinc
457 582 617 622 iterum
660 583 727 621 est
770 579 1004 619 inuisurus
1047 578 1131 617 hoc
1174 578 1377 616 nostrum
1413 575 1666 626 collegium,
1699 576 1742 613 et

105 661 207 689 mox
236 648 282 688 in
326 647 592 698 Hispaniam
620 645 869 686 citeriorem
912 643 1208 683 discessurus.
1249 642 1350 693 Egit
1378 653 1432 681 ex
1460 640 1600 680 animi
1643 651 1741 679 sen—

104 714 244 754 tentia
272 725 371 753 cum
403 712 639 753 Cardinale
669 712 722 751 de
751 711 823 750 his
852 721 967 761 quae
996 708 1050 748 ad
1082 708 1199 747 hanc
1228 706 1499 747 academiam
1522 706 1739 756 spectant,

104 791 238 831 quam
280 790 382 818 cum
411 778 551 818 eidem
596 776 892 828 significasset
934 774 1021 814 sibi
1064 784 1332 824 magnopere
1380 771 1617 822 placuisse,
1664 769 1741 809 uix

104 844 191 884 dici
222 846 380 896 potest,
412 845 625 894 quantam
656 842 732 881 ille
760 840 925 892 ceperit
953 839 1105 879 animo
1135 838 1426 888 uoluptatem.

184 910 222 950 3.
257 909 418 949 Paucis
460 910 562 948 ante
591 908 750 947 diebus
792 907 849 946 ab
892 905 1090 945 aduentu
1130 904 1177 943 P.
1210 902 1398 950 Natalis,
1443 902 1744 953 peruenerunt

106 976 151 1015 in
181 978 384 1015 nostrum
413 973 651 1025 collegium
682 973 752 1012 Pr.
788 971 942 1011 Tonda
973 973 1002 1020 1,
1034 972 1076 1010 et
1105 972 1194 1009 tres
1224 969 1398 1016 fratres,
1429 967 1507 1019 qui
1536 979 1559 1006 e
1589 966 1742 1007 Sicilia

107 1041 231 1081 missi
262 1041 460 1087 fuerant;
511 1050 666 1079 omnes
695 1037 874 1088 quidem
906 1047 1118 1088 prospera
1147 1034 1406 1075 ualetudine
1436 1035 1609 1084 praeter
1652 1031 1742 1072 Sci-

106 1107 298 1158 pionem,
330 1106 407 1158 qui
437 1117 491 1145 ex
520 1105 715 1156 podraga
747 1102 842 1155 [sic]
874 1102 1062 1142 laborat.
1096 1101 1139 1140 Is
1168 1104 1211 1141 et
1240 1099 1427 1140 Michael
1472 1098 1597 1138 missi
1637 1099 1744 1137 sunt

105 1172 472 1224 Olyssipponem;
506 1170 576 1209 Pr.
610 1181 717 1209 uero
747 1168 919 1215 Tonda,
951 1169 993 1207 et
1023 1167 1074 1206 fr.
1106 1165 1371 1207 Vincentius
1410 1176 1573 1216 magno
1603 1163 1743 1202 animi

105 1238 261 1277 ardore
281 1236 603 1288 expeditionem
628 1235 820 1274 indicam
852 1234 1135 1284 expectantes
1174 1232 1221 1271 in
1241 1232 1326 1271 hoc
1345 1229 1534 1281 collegio
1563 1228 1742 1268 interim

104 1303 285 1354 degunt.
318 1301 442 1342 Missi
472 1303 578 1341 sunt
606 1300 739 1340 etiam
769 1300 857 1339 huc
877 1306 895 1325 a
925 1297 1208 1339 Conimbrica
1237 1296 1457 1348 Rogerius
1487 1295 1624 1334 italus
1652 1295 1667 1318 2
1689 1305 1743 1332 ex

106 1368 260 1408 morbo
280 1367 427 1407 adhuc
448 1365 691 1417 languidus
720 1363 1063 1405 conualescendi
1094 1363 1261 1414 gratia;
1284 1364 1326 1402 et
1346 1360 1562 1401 Emanuel
1583 1360 1740 1410 Lopez,

106 1436 155 1474 ut
186 1433 233 1473 in
263 1432 499 1485 gymnasio
529 1430 817 1471 elementario
847 1431 1175 1481 praeceptorem
1207 1430 1357 1480 ageret
1376 1427 1423 1467 in
1453 1426 1614 1467 litteris
1643 1425 1747 1465 deli-

105 1498 306 1539 neandis.
338 1498 484 1549 Atque
513 1498 623 1537 haec
652 1496 747 1536 sola
778 1495 965 1536 mutatio
996 1495 1111 1535 tacta
1140 1496 1206 1534 est
1235 1494 1283 1533 in
1313 1495 1466 1533 nostro
1495 1491 1683 1543 collegio
1718 1502 1743 1530 a

107 1563 342 1616 postremis
371 1563 556 1610 litteris;
589 1573 747 1602 sumus
776 1563 923 1601 autem
954 1560 1188 1611 sexaginta
1216 1562 1258 1599 et
1291 1561 1472 1610 septem.

182 1630 221 1669 4.
256 1629 508 1680 Antequam
531 1629 600 1668 Pr.
624 1627 796 1667 Natalis
825 1626 1169 1678 Olyssipponem
1201 1624 1568 1676 proficisceretur,
1588 1623 1742 1662 exhor·

106 1695 353 1735 tationibus
396 1694 610 1734 excitauit
656 1705 811 1733 omnes
855 1693 910 1732 ad
956 1691 1146 1731 maiores
1176 1691 1219 1730 in
1268 1690 1433 1730 uirtute
1484 1699 1745 1740 progressus

106 1760 348 1808 faciendos,
394 1760 478 1800 hoc
508 1759 765 1811 praesertim
811 1760 1022 1809 tempore,
1054 1769 1143 1809 quo
1185 1757 1241 1796 ab
1284 1755 1448 1807 studiJ's
1495 1754 1744 1794 litterarum

105 1826 245 1866 otium
276 1828 370 1866 erat
399 1826 620 1872 futurum3
667 1823 988 1876 proposuitque
1035 1822 1288 1874 catalogum
1332 1820 1741 1867 mortificationum,

107 1893 154 1931 ut
184 1891 287 1931 inde
317 1890 629 1942 unusquisque
659 1889 855 1941 eligeret,
887 1901 1001 1940 quae
1030 1888 1117 1928 sibi
1148 1887 1195 1927 in
1225 1887 1417 1927 Domino
1467 1885 1609 1937 magis
1656 1884 1745 1936 pla-

106 1958 268 1996 cerent.
292 1955 558 2007 Quanquam
589 1967 695 1995 uero
717 1955 875 1994 fratres
896 1954 1011 1993 hanc
1032 1953 1243 1993 feriarum
1273 1952 1548 1992 occasionem
1573 1962 1746 2002 semper

106 2023 348 2073 expectent,
381 2023 429 2061 ut
459 2033 505 2061 se
535 2021 582 2060 in
611 2020 838 2060 similibus
870 2020 1001 2059 rebus
1029 2021 1276 2066 exerceant,
1326 2020 1476 2058 tamen
1506 2017 1628 2056 hisce
1671 2016 1745 2055 ad-

106 2086 447 2134 monitionibus,
480 2086 605 2126 uelut
634 2085 884 2126 calcaribus
913 2084 1200 2137 quibusdam,
1232 2084 1466 2124 accedente
1488 2082 1556 2122 Χ.ἰ
1583 2082 1742 2134 gratia,

107 2152 319 2192 maiorem
349 2152 395 2191 in
426 2152 607 2192 modum
637 2153 743 2191 sunt
772 2151 1050 2199 inflammati,
1083 2153 1215 2202 atque
1245 2150 1305 2189 ita
1336 2149 1534 2189 certatim
1582 2159 1745 2199 magna

106 2217 391 2257 contentione
438 2219 608 2268 petunt,
660 2219 707 2257 ut
750 2216 1001 2256 humilibus
1048 2216 1330 2256 destinentur
1378 2214 1656 2265 ministerijS.
1702 2214 1745 2252 et

106 2283 340 2323 nonnullis
368 2283 641 2330 conceditur,
687 2284 735 2322 ut
764 2282 953 2333 emptori
997 2281 1212 2329 seruiant,
1259 2283 1392 2332 atque
1421 2280 1478 2319 ab
1507 2292 1558 2319 eo
1597 2280 1744 2329 empta

108 2348 154 2387 in
183 2348 420 2399 collegium
452 2347 651 2393 humeris
681 2347 896 2387 baiulent.
940 2346 1030 2398 Alij
1062 2358 1109 2386 se
1138 2346 1195 2385 ad
1224 2341 1479 2397 spirltualia
1509 2342 1744 2384 Societatis

106 2413 314 2453 exercitia
334 2413 575 2465 colligunt3
599 2413 675 2463 alij
698 2412 1061 2464 peregrinantum
1085 2411 1141 2451 ali
1145 2412 1161 2463 j
1185 2411 1233 2451 in
1249 2410 1519 2451 recreatione
1540 2408 1745 2460 publicas

107 2478 475 2529 reprehensiones
505 2478 767 2529 impetrant;
817 2477 892 2529 alij
926 2490 973 2517 se
1004 2477 1121 2517 ultro
1151 2476 1328 2528 publice
1356 2475 1508 2527 flagris
1538 2475 1742 2515 caedunt.

107 2543 258 2595 Neque
286 2543 463 2591 desunt,
495 2543 572 2595 qui
602 2543 798 2583 secundo
828 2555 1006 2594 quoque
1035 2542 1106 2582 die
1135 2542 1191 2581 ad
1223 2541 1456 2581 minimum
1488 2539 1744 2580 deseruiant

169 2711 187 2730 a
209 2703 282 2736 huc
305 2712 433 2745 supra
455 2712 558 2736 vers.

173 2853 180 2869 ¹
205 2851 297 2884 Vide
325 2861 358 2893 p.
385 2852 455 2884 199.

170 2907 181 2924 2
205 2904 273 2937 Hic
297 2905 390 2937 solet
412 2905 486 2938 dici
521 2905 704 2947 Rogerius
738 2906 865 2945 italuS,
891 2906 1118 2938 mutinensis
1151 2905 1371 2947 (modones).
1397 2905 1436 2937 In
1468 2905 1636 2946 catalogo
1660 2904 1741 2936 coll.

108 2958 416 2991 conimbricensis
449 2959 540 2991 anni
565 2960 646 2991 1559
678 2959 781 2999 (Cod.
812 2959 910 2992 Lus.
934 2959 997 2999 43,
1022 2959 1045 2991 f.
1073 2960 1145 3000 107)
1168 2960 1308 2992 dicitur
1330 2959 1373 2992 R.
1399 2959 1583 3000 Spacinus
1614 2957 1741 2990 italus.

108 3011 226 3044 Medio
249 3021 348 3044 anno
383 3013 463 3044 1562
495 3013 675 3045 remissus
699 3014 755 3045 cst
789 3013 829 3045 in
852 3013 1025 3054 patriam.
1061 3013 1113 3046 Cf.
1138 3013 1285 3045 Lainii
1317 3012 1493 3045 Monam.
1518 3011 1578 3051 VI,
1609 3012 1682 3051 367,
1707 3013 1743 3043 et

108 3065 188 3097 loca
211 3065 264 3097 ibi
291 3065 408 3098 citata
431 3065 501 3097 sub
525 3074 614 3098 voce
637 3068 803 3105 Rogerius
825 3070 1034 3099 mutinensis.
