2028 3531
350 251 417 287 252
820 255 1024 293 LITTERAE
1061 258 1405 302 QUAanEsTRns

1059 508 1158 559 513

840 652 1050 679 MONACfflo
1080 645 1094 679 1
1126 655 1215 680 ΜΑιι
1246 645 1332 680 1561
1361 645 1385 681 1.

295 771 332 806 1.
355 768 668 818 Septemdecim
688 773 798 811 socii
818 785 1009 822 quorum
1030 777 1225 825 quinque
1245 776 1507 815 sacerdotes.
1534 777 1656 828 Viget
1677 779 1919 829 disciplina

401 834 440 872 et
469 835 867 884 mortificationum
895 839 1111 878 studium.
1144 841 1412 879 Adiumento
1441 843 1638 891 filerunt,
1670 844 1789 882 inter
1808 845 1914 892 alia,

399 900 664 948 spiritualia
710 904 935 942 eaeercitia.
987 903 1104 943 Socii.
1132 907 1276 943 sacris
1304 907 1492 945 initiati.
1524 908 1578 946 P.
1609 909 1917 949 Provincialis

399 964 613 1003 visitatio.
668 965 946 1006 Candidatus
989 970 1046 1007 ad
1082 970 1368 1019 probationes
1411 971 1654 1012 admissus.
1701 995 1751 1000 —
1781 978 1823 1013 2.
1853 976 1915 1014 De

397 1028 559 1068 scholis
605 1030 644 1068 et
689 1031 966 1072 scholasticis
1018 1035 1423 1074 eaeercitationibus.
1460 1035 1693 1077 Comoedia
1722 1039 1915 1078 exhibita

391 1095 680 1144 periucunde,
720 1097 1086 1145 frequentissima
1128 1100 1371 1149 plaudente
1418 1113 1595 1141 corona.
1624 1124 1676 1128 —
1706 1107 1747 1142 3.
1776 1104 1915 1143 Aedes

396 1158 672 1198 scholasticis
696 1162 970 1211 pauperibus
1013 1166 1309 1213 quaeruntur.
1354 1187 1404 1192 —
1432 1169 1475 1204 4.
1515 1167 1744 1206 Habitatio
1774 1170 1914 1208 simul

396 1236 495 1262 cum
524 1225 740 1264 reditibus
784 1229 928 1267 aucta.
972 1251 1023 1256 —
1071 1234 1112 1268 5.
1144 1230 1412 1269 Nostrorum
1460 1233 1738 1272 contionibus
1780 1236 1914 1274 multi

395 1288 452 1326 ad
471 1291 791 1339 confessionem
812 1293 1046 1341 accedunl;
1068 1295 1164 1344 alii,
1188 1295 1410 1334 abiuratis
1439 1297 1684 1343 erroribus,
1707 1300 1912 1340 ecclesiae

394 1355 757 1395 reconciliantur.
788 1379 838 1383 —
868 1362 910 1396 6.
939 1359 1170 1409 Principis
1200 1361 1424 1400 Bavariae
1455 1362 1569 1411 laus,
1618 1364 1800 1413 eiusque
1823 1378 1909 1415 pro

393 1419 609 1458 catholica
650 1421 733 1469 fide
761 1422 1028 1463 sollicitudo.
1074 1446 1123 1450 —
1155 1429 1194 1463 7.
1225 1425 1456 1476 Principis
1487 1428 1628 1465 mater
1669 1429 1709 1466 et
1747 1431 1910 1469 coniux

391 1485 615 1523 sociorum
656 1488 990 1527 necessitatibus
1016 1491 1268 1539 prospicere
1315 1493 1490 1530 curant.
1524 1492 1754 1543 Principis
1802 1507 1908 1545 erga

390 1550 580 1588 matrem
609 1552 872 1590 reverentia.
904 1574 954 1579 —-
984 1557 1026 1592 8.
1060 1555 1266 1593 Aliorum
1295 1568 1402 1605 erya
1430 1559 1571 1596 socios
1601 1558 1804 1597 studium
1827 1561 1906 1598 aut

393 1613 559 1653 odium.

366 1748 400 1787 1.
430 1749 459 1798 ἦ
486 1749 580 1790 JhS.
613 1750 703 1789 Pax
739 1751 902 1791 Christi
946 1753 1195 1801 nobiscum,
1230 1755 1332 1795 Rdff.
1368 1756 1509 1796 Pater.
1543 1757 1664 1807 Quae
1690 1759 1743 1798 de
1785 1761 1905 1799 statu

285 1813 614 1854 monachiensis
643 1815 780 1855 huius
809 1817 981 1869 collegij
1014 1819 1415 1869 quadrimestribus
1445 1821 1543 1861 istis
1573 1823 1804 1863 scribenda
1834 1836 1904 1864 oc-

282 1880 480 1924 currunt,
513 1879 706 1919 breuiter
735 1881 798 1921 sic
828 1882 988 1922 habeat
1018 1882 1122 1923 Rda.
1157 1884 1204 1924 P.
1238 1887 1327 1925 tua.
1361 1886 1525 1926 Sumus
1551 1887 1623 1927 hic
1653 1888 1699 1927 in
1730 1889 1906 1929 uniuer-

282 1952 380 1980 sum
411 1953 594 1982 numero
626 1944 688 1991 17,
720 1956 773 1984 ex
802 1946 966 1996 quibus
994 1948 1191 1999 quinque
1212 1951 1317 1989 sunt
1340 1951 1604 1999 sacerdotes,
1627 1953 1905 1994 coadiutores

281 2007 382 2049 tres,
416 2007 574 2058 reliqui
618 2009 689 2048 uel
732 2013 1048 2062 praeceptores,
1096 2013 1165 2052 uel
1209 2014 1432 2065 discipuli.
1478 2015 1591 2055 Sunt
1632 2019 1779 2057 autem
1823 2030 1904 2058 sua

280 2070 448 2121 singuli
478 2075 594 2112 sorte
623 2073 788 2114 Christi
818 2076 959 2126 gratia
989 2078 1201 2127 contenti,
1232 2081 1273 2118 et
1303 2081 1481 2120 strenue
1507 2081 1817 2132 perfectionem
1847 2084 1903 2123 ad

279 2146 410 2184 quam
457 2140 637 2178 uocatos
680 2151 726 2178 se
760 2139 1030 2192 intelligunt,
1062 2144 1300 2184 sectantur.
1334 2145 1528 2196 Regulas
1570 2147 1755 2197 proinde
1797 2160 1902 2188 suas

278 2201 320 2238 et
340 2199 586 2252 intelligere
606 2205 648 2242 et
668 2204 866 2244 studiose
886 2208 1043 2246 curant
1063 2207 1324 2248 obseruare:
1348 2211 1389 2248 et
1412 2210 1449 2249 si
1476 2211 1656 2262 quando
1677 2212 1902 2264 negligen-

278 2264 411 2305 tiores
440 2266 487 2305 in
516 2279 667 2308 earum
712 2270 1023 2311 obseruatione
1052 2283 1098 2312 se
1128 2273 1265 2313 fuisse
1307 2275 1652 2326 deprehendant,
1684 2278 1901 2318 ultroneis

277 2329 396 2369 hunc
424 2331 641 2372 defectum
671 2335 1041 2385 castigationibus
1063 2348 1363 2388 compensare,
1388 2340 1643 2392 neutiquam
1676 2342 1895 2382 dubitant.

276 2393 462 2435 Cernere
492 2396 535 2436 id
566 2398 756 2438 maxime
786 2399 869 2439 fuit
898 2412 1023 2440 sacro
1056 2402 1421 2454 quadragesimae
1455 2407 1665 2456 tempore,
1696 2419 1784 2458 quo
1815 2408 1898 2447 fre-

275 2460 586 2510 quentioribus
628 2463 897 2504 humilitatis
938 2466 1159 2517 exercitijs
1188 2468 1242 2507 ad
1282 2469 1605 2510 confessionem
1648 2472 1897 2522 generalem

276 2525 439 2565 rectius
469 2529 778 2579 peragendam,
810 2531 852 2570 et
881 2532 986 2570 uota
1015 2531 1171 2571 maiori
1215 2533 1451 2574 deuotione
1495 2537 1766 2583 renouanda,
1798 2549 1897 2588 ope-

276 2600 366 2627 ram
398 2589 564 2641 singuli
595 2592 852 2644 diligentem
883 2594 1051 2636 dedere.
1082 2595 1202 2636 Solet
1231 2599 1377 2638 autem
1407 2599 1460 2638 ad
1492 2600 1768 2650 spiritualem
1794 2613 1895 2641 nos-

274 2653 440 2693 trorum
486 2656 728 2706 profectum
772 2670 862 2697 non
906 2671 1093 2710 paruum
1141 2661 1303 2701 habere
1350 2666 1638 2712 momentum,
1690 2665 1895 2717 frequens

334 2861 343 2878 ¹
368 2859 419 2892 Ex
442 2861 655 2902 apographo
677 2871 812 2895 coaevo
835 2864 874 2896 in
897 2864 974 2897 cod.
1003 2864 1130 2897 Germ.
1155 2866 1238 2902 143,
1257 2866 1292 2899 ff.
1310 2868 1422 2903 31-32:
1441 2869 1545 2909 prius
1560 2869 1694 2901 930-231
1712 2870 1890 2911 (aar-225).

271 2912 381 2944 Aliud
405 2914 610 2955 exemplum
634 2916 690 2947 est
714 2916 752 2948 in
775 2917 855 2949 cod.
884 2917 1013 2951 Germ.
1038 2918 1122 2954 139,
1146 2919 1170 2951 f.
1202 2920 1253 2952 68.
1292 2919 1456 2953 Tertium
1494 2922 1533 2954 in
1569 2922 1670 2955 arch.
1709 2923 1889 2956 colonien.

270 2964 432 3005 HANSEN,
457 2966 480 2998 l.
505 2975 535 2999 c.
560 2967 631 3000 765.
657 2968 880 3001 particulam
903 2970 1021 3002 edidit
1043 2971 1354 3005 BRAUNSBERGER:
1380 2973 1559 3021 RUPetri
1578 2975 1736 3008 Canisii
1749 2975 1889 3018 Epist„

269 3017 331 3057 III,
356 3018 428 3050 691.
